%% This BibTeX bibliography file was created using BibDesk.
%% http://bibdesk.sourceforge.net/


%% Created for Prajwal Niraula at 2015-04-10 14:41:46 -0400


%% Saved with string encoding Unicode (UTF-8)

@ARTICLE{vandekamp1969,
   author = {{van de Kamp}, P.},
    title = "{Alternate dynamical analysis of Barnard's star.}",
  journal = {\aj},
     year = 1969,
    month = aug,
   volume = 74,
    pages = {757-759},
      doi = {10.1086/110852},
   adsurl = {http://adsabs.harvard.edu/abs/1969AJ.....74..757V},
  adsnote = {Provided by the SAO/NASA Astrophysics Data System}
}

@ARTICLE{black1980,
   author = {{Black}, D.~C.},
    title = "{In search of other planetary systems}",
  journal = {\ssr},
 keywords = {Astronomy, Planetary Systems, Planetology, Space Exploration, Astrometry, Binary Stars, Companion Stars, Extrasolar Planets, Planetary Mass, Planetary Radiation, Planetary Temperature, Telescopes},
     year = 1980,
    month = jan,
   volume = 25,
    pages = {35-81},
      doi = {10.1007/BF00200797},
   adsurl = {http://adsabs.harvard.edu/abs/1980SSRv...25...35B},
  adsnote = {Provided by the SAO/NASA Astrophysics Data System}
}


@ARTICLE{abbot2011,
   author = {{Abbot}, D.~S. and {Switzer}, E.~R.},
    title = "{The Steppenwolf: A Proposal for a Habitable Planet in Interstellar Space}",
  journal = {\apjl},
archivePrefix = "arXiv",
   eprint = {1102.1108},
 primaryClass = "astro-ph.EP",
 keywords = {astrobiology, conduction, convection, planetary systems, planets and satellites: surfaces},
     year = 2011,
    month = jul,
   volume = 735,
      eid = {L27},
    pages = {L27},
      doi = {10.1088/2041-8205/735/2/L27},
   adsurl = {http://adsabs.harvard.edu/abs/2011ApJ...735L..27A},
  adsnote = {Provided by the SAO/NASA Astrophysics Data System}
}

@ARTICLE{kreidberg2014,
   author = {{Kreidberg}, L. and {Bean}, J.~L. and {D{\'e}sert}, J.-M. and
	{Benneke}, B. and {Deming}, D. and {Stevenson}, K.~B. and {Seager}, S. and
	{Berta-Thompson}, Z. and {Seifahrt}, A. and {Homeier}, D.},
    title = "{Clouds in the atmosphere of the super-Earth exoplanet GJ1214b}",
  journal = {\nat},
archivePrefix = "arXiv",
   eprint = {1401.0022},
 primaryClass = "astro-ph.EP",
     year = 2014,
    month = jan,
   volume = 505,
    pages = {69-72},
      doi = {10.1038/nature12888},
   adsurl = {http://adsabs.harvard.edu/abs/2014Natur.505...69K},
  adsnote = {Provided by the SAO/NASA Astrophysics Data System}
}


@ARTICLE{rauer2014,
   author = {{Rauer}, H. and {Catala}, C. and {Aerts}, C. and {Appourchaux}, T. and
	{Benz}, W. and {Brandeker}, A. and {Christensen-Dalsgaard}, J. and
	{Deleuil}, M. and {Gizon}, L. and {Goupil}, M.-J. and {G{\"u}del}, M. and
	{Janot-Pacheco}, E. and {Mas-Hesse}, M. and {Pagano}, I. and
	{Piotto}, G. and {Pollacco}, D. and {Santos}, {\.C}. and {Smith}, A. and
	{Su{\'a}rez}, J.-C. and {Szab{\'o}}, R. and {Udry}, S. and {Adibekyan}, V. and
	{Alibert}, Y. and {Almenara}, J.-M. and {Amaro-Seoane}, P. and
	{Eiff}, M.~A.-v. and {Asplund}, M. and {Antonello}, E. and {Barnes}, S. and
	{Baudin}, F. and {Belkacem}, K. and {Bergemann}, M. and {Bihain}, G. and
	{Birch}, A.~C. and {Bonfils}, X. and {Boisse}, I. and {Bonomo}, A.~S. and
	{Borsa}, F. and {Brand{\~a}o}, I.~M. and {Brocato}, E. and {Brun}, S. and
	{Burleigh}, M. and {Burston}, R. and {Cabrera}, J. and {Cassisi}, S. and
	{Chaplin}, W. and {Charpinet}, S. and {Chiappini}, C. and {Church}, R.~P. and
	{Csizmadia}, S. and {Cunha}, M. and {Damasso}, M. and {Davies}, M.~B. and
	{Deeg}, H.~J. and {D{\'{\i}}az}, R.~F. and {Dreizler}, S. and
	{Dreyer}, C. and {Eggenberger}, P. and {Ehrenreich}, D. and
	{Eigm{\"u}ller}, P. and {Erikson}, A. and {Farmer}, R. and {Feltzing}, S. and
	{de Oliveira Fialho}, F. and {Figueira}, P. and {Forveille}, T. and
	{Fridlund}, M. and {Garc{\'{\i}}a}, R.~A. and {Giommi}, P. and
	{Giuffrida}, G. and {Godolt}, M. and {Gomes da Silva}, J. and
	{Granzer}, T. and {Grenfell}, J.~L. and {Grotsch-Noels}, A. and
	{G{\"u}nther}, E. and {Haswell}, C.~A. and {Hatzes}, A.~P. and
	{H{\'e}brard}, G. and {Hekker}, S. and {Helled}, R. and {Heng}, K. and
	{Jenkins}, J.~M. and {Johansen}, A. and {Khodachenko}, M.~L. and
	{Kislyakova}, K.~G. and {Kley}, W. and {Kolb}, U. and {Krivova}, N. and
	{Kupka}, F. and {Lammer}, H. and {Lanza}, A.~F. and {Lebreton}, Y. and
	{Magrin}, D. and {Marcos-Arenal}, P. and {Marrese}, P.~M. and
	{Marques}, J.~P. and {Martins}, J. and {Mathis}, S. and {Mathur}, S. and
	{Messina}, S. and {Miglio}, A. and {Montalban}, J. and {Montalto}, M. and
	{Monteiro}, M.~J.~P.~F.~G. and {Moradi}, H. and {Moravveji}, E. and
	{Mordasini}, C. and {Morel}, T. and {Mortier}, A. and {Nascimbeni}, V. and
	{Nelson}, R.~P. and {Nielsen}, M.~B. and {Noack}, L. and {Norton}, A.~J. and
	{Ofir}, A. and {Oshagh}, M. and {Ouazzani}, R.-M. and {P{\'a}pics}, P. and
	{Parro}, V.~C. and {Petit}, P. and {Plez}, B. and {Poretti}, E. and
	{Quirrenbach}, A. and {Ragazzoni}, R. and {Raimondo}, G. and
	{Rainer}, M. and {Reese}, D.~R. and {Redmer}, R. and {Reffert}, S. and
	{Rojas-Ayala}, B. and {Roxburgh}, I.~W. and {Salmon}, S. and
	{Santerne}, A. and {Schneider}, J. and {Schou}, J. and {Schuh}, S. and
	{Schunker}, H. and {Silva-Valio}, A. and {Silvotti}, R. and
	{Skillen}, I. and {Snellen}, I. and {Sohl}, F. and {Sousa}, S.~G. and
	{Sozzetti}, A. and {Stello}, D. and {Strassmeier}, K.~G. and
	{{\v S}vanda}, M. and {Szab{\'o}}, G.~M. and {Tkachenko}, A. and
	{Valencia}, D. and {Van Grootel}, V. and {Vauclair}, S.~D. and
	{Ventura}, P. and {Wagner}, F.~W. and {Walton}, N.~A. and {Weingrill}, J. and
	{Werner}, S.~C. and {Wheatley}, P.~J. and {Zwintz}, K.},
    title = "{The PLATO 2.0 mission}",
  journal = {Experimental Astronomy},
archivePrefix = "arXiv",
   eprint = {1310.0696},
 primaryClass = "astro-ph.EP",
 keywords = {Exoplanets, Asteroseismology, Transit survey, Stellar science, Exoplanetary science},
     year = 2014,
    month = nov,
   volume = 38,
    pages = {249-330},
      doi = {10.1007/s10686-014-9383-4},
   adsurl = {http://adsabs.harvard.edu/abs/2014ExA....38..249R},
  adsnote = {Provided by the SAO/NASA Astrophysics Data System}
}

@ARTICLE{andrews2016,
   author = {{Andrews}, S.~M. and {Wilner}, D.~J. and {Zhu}, Z. and {Birnstiel}, T. and
	{Carpenter}, J.~M. and {P{\'e}rez}, L.~M. and {Bai}, X.-N. and
	{{\"O}berg}, K.~I. and {Hughes}, A.~M. and {Isella}, A. and
	{Ricci}, L.},
    title = "{Ringed Substructure and a Gap at 1 au in the Nearest Protoplanetary Disk}",
  journal = {\apjl},
archivePrefix = "arXiv",
   eprint = {1603.09352},
 primaryClass = "astro-ph.EP",
 keywords = {planet{\ndash}disk interactions, protoplanetary disks, stars: individual: TW Hydrae},
     year = 2016,
    month = apr,
   volume = 820,
      eid = {L40},
    pages = {L40},
      doi = {10.3847/2041-8205/820/2/L40},
   adsurl = {http://adsabs.harvard.edu/abs/2016ApJ...820L..40A},
  adsnote = {Provided by the SAO/NASA Astrophysics Data System}
}

@ARTICLE{hughes2018,
   author = {{Hughes}, A.~M. and {Duchene}, G. and {Matthews}, B.},
    title = "{Debris Disks: Structure, Composition, and Variability}",
  journal = {ArXiv e-prints},
archivePrefix = "arXiv",
   eprint = {1802.04313},
 primaryClass = "astro-ph.EP",
 keywords = {Astrophysics - Earth and Planetary Astrophysics},
     year = 2018,
    month = feb,
   adsurl = {http://adsabs.harvard.edu/abs/2018arXiv180204313H},
  adsnote = {Provided by the SAO/NASA Astrophysics Data System}
}


@ARTICLE{huber2017,
   author = {{Huber}, K.~F. and {Czesla}, S. and {Schmitt}, J.~H.~M.~M.},
    title = "{Discovery of the secondary eclipse of HAT-P-11 b}",
  journal = {\aap},
archivePrefix = "arXiv",
   eprint = {1611.00153},
 primaryClass = "astro-ph.EP",
 keywords = {planetary systems, stars: individual: HAT-P-11, techniques: photometric, methods: data analysis},
     year = 2017,
    month = jan,
   volume = 597,
      eid = {A113},
    pages = {A113},
      doi = {10.1051/0004-6361/201629699},
   adsurl = {http://adsabs.harvard.edu/abs/2017A%26A...597A.113H},
  adsnote = {Provided by the SAO/NASA Astrophysics Data System}
}

@ARTICLE{sheets2017,
   author = {{Sheets}, H.~A. and {Deming}, D.},
    title = "{Average Albedos of Close-in Super-Earths and Super-Neptunes from Statistical Analysis of Long-cadence Kepler Secondary Eclipse Data}",
  journal = {\aj},
archivePrefix = "arXiv",
   eprint = {1708.08459},
 primaryClass = "astro-ph.EP",
 keywords = {methods: data analysis, occultations, planetary systems, planets and satellites: atmospheres, planets and satellites: surfaces, techniques: photometric},
     year = 2017,
    month = oct,
   volume = 154,
      eid = {160},
    pages = {160},
      doi = {10.3847/1538-3881/aa88b9},
   adsurl = {http://adsabs.harvard.edu/abs/2017AJ....154..160S},
  adsnote = {Provided by the SAO/NASA Astrophysics Data System}
}

@ARTICLE{placek2015,
   author = {{Placek}, B. and {Knuth}, K.~H. and {Angerhausen}, D. and {Jenkins}, J.~M.
	},
    title = "{Characterization of Kepler-91b and the Investigation of a Potential Trojan Companion Using EXONEST}",
  journal = {\apj},
archivePrefix = "arXiv",
   eprint = {1511.01068},
 primaryClass = "astro-ph.EP",
 keywords = {methods: data analysis, planets and satellites: detection, planets and satellites: fundamental parameters, techniques: photometric},
     year = 2015,
    month = dec,
   volume = 814,
      eid = {147},
    pages = {147},
      doi = {10.1088/0004-637X/814/2/147},
   adsurl = {http://adsabs.harvard.edu/abs/2015ApJ...814..147P},
  adsnote = {Provided by the SAO/NASA Astrophysics Data System}
}

@ARTICLE{cabrera2017,
   author = {{Cabrera}, J. and {Barros}, S.~C.~C. and {Armstrong}, D. and
	{Hidalgo}, D. and {Santos}, N.~C. and {Almenara}, J.~M. and
	{Alonso}, R. and {Deleuil}, M. and {Demangeon}, O. and {D{\'{\i}}az}, R.~F. and
	{Lendl}, M. and {Pfaff}, J. and {Rauer}, H. and {Santerne}, A. and
	{Serrano}, L.~M. and {Zucker}, S.},
    title = "{Disproving the validated planets K2-78b, K2-82b, and K2-92b. The importance of independently confirming planetary candidates}",
  journal = {\aap},
archivePrefix = "arXiv",
   eprint = {1707.08007},
 primaryClass = "astro-ph.IM",
 keywords = {methods: data analysis, techniques: photometric, eclipses, planets and satellites: detection},
     year = 2017,
    month = oct,
   volume = 606,
      eid = {A75},
    pages = {A75},
      doi = {10.1051/0004-6361/201731233},
   adsurl = {http://adsabs.harvard.edu/abs/2017A%26A...606A..75C},
  adsnote = {Provided by the SAO/NASA Astrophysics Data System}
}

@INBOOK{agol2017,
   author = {{Agol}, E. and {Fabrycky}, D.~C.},
    title = "{Transit-Timing and Duration Variations for the Discovery and Characterization of Exoplanets}",
booktitle = {Handbook of Exoplanets, Edited by Hans J.~Deeg and Juan Antonio Belmonte.~Springer Living Reference Work, ISBN: 978-3-319-30648-3, 2017, id.7},
     year = 2017,
      eid = {7},
    pages = {7},
      doi = {10.1007/978-3-319-30648-3_7-1},
   adsurl = {http://adsabs.harvard.edu/abs/2017haex.bookE...7A},
  adsnote = {Provided by the SAO/NASA Astrophysics Data System}
}


@ARTICLE{wong2016,
   author = {{Wong}, I. and {Knutson}, H.~A. and {Kataria}, T. and {Lewis}, N.~K. and
	{Burrows}, A. and {Fortney}, J.~J. and {Schwartz}, J. and {Shporer}, A. and
	{Agol}, E. and {Cowan}, N.~B. and {Deming}, D. and {D{\'e}sert}, J.-M. and
	{Fulton}, B.~J. and {Howard}, A.~W. and {Langton}, J. and {Laughlin}, G. and
	{Showman}, A.~P. and {Todorov}, K.},
    title = "{3.6 and 4.5 {$\mu$}m Spitzer Phase Curves of the Highly Irradiated Hot Jupiters WASP-19b and HAT-P-7b}",
  journal = {\apj},
archivePrefix = "arXiv",
   eprint = {1512.09342},
 primaryClass = "astro-ph.EP",
 keywords = {planetary systems, stars: individual: WASP-19 and HAT-P-7, techniques: photometric},
     year = 2016,
    month = jun,
   volume = 823,
      eid = {122},
    pages = {122},
      doi = {10.3847/0004-637X/823/2/122},
   adsurl = {http://adsabs.harvard.edu/abs/2016ApJ...823..122W},
  adsnote = {Provided by the SAO/NASA Astrophysics Data System}
}

@ARTICLE{aranzana2018,
   author = {{Aranzana}, E. and {K{\"o}rding}, E. and {Uttley}, P. and {Scaringi}, S. and
	{Bloemen}, S.},
    title = "{Short time-scale optical variability properties of the largest AGN sample observed with Kepler/K2}",
  journal = {\mnras},
archivePrefix = "arXiv",
   eprint = {1802.08058},
 primaryClass = "astro-ph.HE",
 keywords = {accretion, accretion discs, galaxies: active, quasars: general, quasars: supermassive black holes},
     year = 2018,
    month = may,
   volume = 476,
    pages = {2501-2515},
      doi = {10.1093/mnras/sty413},
   adsurl = {http://adsabs.harvard.edu/abs/2018MNRAS.476.2501A},
  adsnote = {Provided by the SAO/NASA Astrophysics Data System}
}

@ARTICLE{macgregor2018,
   author = {{MacGregor}, M.~A. and {Weinberger}, A.~J. and {Wilner}, D.~J. and
	{Kowalski}, A.~F. and {Cranmer}, S.~R.},
    title = "{Detection of a Millimeter Flare from Proxima Centauri}",
  journal = {\apjl},
archivePrefix = "arXiv",
   eprint = {1802.08257},
 primaryClass = "astro-ph.EP",
 keywords = {circumstellar matter, stars: individual: Proxima Centauri, submillimeter: planetary systems },
     year = 2018,
    month = mar,
   volume = 855,
      eid = {L2},
    pages = {L2},
      doi = {10.3847/2041-8213/aaad6b},
   adsurl = {http://adsabs.harvard.edu/abs/2018ApJ...855L...2M},
  adsnote = {Provided by the SAO/NASA Astrophysics Data System}
}

@ARTICLE{wittenmyer2007,
   author = {{Wittenmyer}, R.~A. and {Endl}, M. and {Cochran}, W.~D. and
	{Levison}, H.~F.},
    title = "{Dynamical and Observational Constraints on Additional Planets in Highly Eccentric Planetary Systems}",
  journal = {\aj},
archivePrefix = "arXiv",
   eprint = {0706.1962},
 keywords = {celestial mechanics, planetary systems},
     year = 2007,
    month = sep,
   volume = 134,
    pages = {1276-1284},
      doi = {10.1086/520880},
   adsurl = {http://adsabs.harvard.edu/abs/2007AJ....134.1276W},
  adsnote = {Provided by the SAO/NASA Astrophysics Data System}
}

@INPROCEEDINGS{puig2016,
   author = {{Puig}, L. and {Pilbratt}, G.~L. and {Heske}, A. and {Escudero Sanz}, I. and
	{Crouzet}, P.-E.},
    title = "{ARIEL: an ESA M4 mission candidate}",
booktitle = {Space Telescopes and Instrumentation 2016: Optical, Infrared, and Millimeter Wave},
     year = 2016,
   series = {Proc. SPIE},
   volume = 9904,
    month = jul,
      eid = {99041W},
    pages = {99041W},
      doi = {10.1117/12.2230964},
   adsurl = {http://adsabs.harvard.edu/abs/2016SPIE.9904E..1WP},
  adsnote = {Provided by the SAO/NASA Astrophysics Data System}
}


@ARTICLE{sing2010,
   author = {{Sing}, D.~K.},
    title = "{Stellar limb-darkening coefficients for CoRot and Kepler}",
  journal = {\aap},
archivePrefix = "arXiv",
   eprint = {0912.2274},
 primaryClass = "astro-ph.EP",
 keywords = {stars: atmospheres, planetary systems, binaries: eclipsing},
     year = 2010,
    month = feb,
   volume = 510,
      eid = {A21},
    pages = {A21},
      doi = {10.1051/0004-6361/200913675},
   adsurl = {http://adsabs.harvard.edu/abs/2010A%26A...510A..21S},
  adsnote = {Provided by the SAO/NASA Astrophysics Data System}
}


@ARTICLE{owen1999,
   author = {{Owen}, T. and {Mahaffy}, P. and {Niemann}, H.~B. and {Atreya}, S. and
	{Donahue}, T. and {Bar-Nun}, A. and {de Pater}, I.},
    title = "{A low-temperature origin for the planetesimals that formed Jupiter}",
  journal = {\nat},
     year = 1999,
    month = nov,
   volume = 402,
    pages = {269-270},
      doi = {10.1038/46232},
   adsurl = {http://adsabs.harvard.edu/abs/1999Natur.402..269O},
  adsnote = {Provided by the SAO/NASA Astrophysics Data System}
}

@ARTICLE{vanleeuwen2007,
   author = {{van Leeuwen}, F.},
    title = "{Validation of the new Hipparcos reduction}",
  journal = {\aap},
archivePrefix = "arXiv",
   eprint = {0708.1752},
 keywords = {space vehicles: instruments, methods: data analysis, catalogs, astrometry, instrumentation: miscellaneous},
     year = 2007,
    month = nov,
   volume = 474,
    pages = {653-664},
      doi = {10.1051/0004-6361:20078357},
   adsurl = {http://adsabs.harvard.edu/abs/2007A%26A...474..653V},
  adsnote = {Provided by the SAO/NASA Astrophysics Data System}
}

@ARTICLE{hebrard2016,
   author = {{H{\'e}brard}, {\'E}.~M. and {Donati}, J.-F. and {Delfosse}, X. and
	{Morin}, J. and {Moutou}, C. and {Boisse}, I.},
    title = "{Modelling the RV jitter of early-M dwarfs using tomographic imaging}",
  journal = {\mnras},
archivePrefix = "arXiv",
   eprint = {1606.01775},
 primaryClass = "astro-ph.SR",
 keywords = {line: profiles, techniques: polarimetric, techniques: radial velocities, magnetic fields, starspots},
     year = 2016,
    month = sep,
   volume = 461,
    pages = {1465-1497},
      doi = {10.1093/mnras/stw1346},
   adsurl = {http://adsabs.harvard.edu/abs/2016MNRAS.461.1465H},
  adsnote = {Provided by the SAO/NASA Astrophysics Data System}
}


@ARTICLE{lindegren1996,
   author = {{Lindegren}, L. and {Perryman}, M.~A.~C.},
    title = "{GAIA: Global astrometric interferometer for astrophysics.}",
  journal = {\aaps},
 keywords = {ASTROMETRY, SPACE VEHICLES, PLANETARY SYSTEMS, RELATIVITY, INSTRUMENTATION: INTERFEROMETERS, GALAXY: GENERAL},
     year = 1996,
    month = may,
   volume = 116,
    pages = {579-595},
   adsurl = {http://adsabs.harvard.edu/abs/1996A%26AS..116..579L},
  adsnote = {Provided by the SAO/NASA Astrophysics Data System}
}

@ARTICLE{hippke2015,
   author = {{Hippke}, M. and {Angerhausen}, D.},
    title = "{A Statistical Search for a Population of Exo-Trojans in the Kepler Data Set}",
  journal = {\apj},
archivePrefix = "arXiv",
   eprint = {1508.00427},
 primaryClass = "astro-ph.EP",
 keywords = {minor planets, asteroids: general, planets and satellites: general},
     year = 2015,
    month = sep,
   volume = 811,
      eid = {1},
    pages = {1},
      doi = {10.1088/0004-637X/811/1/1},
   adsurl = {http://adsabs.harvard.edu/abs/2015ApJ...811....1H},
  adsnote = {Provided by the SAO/NASA Astrophysics Data System}
}

@INPROCEEDINGS{borucki2008,
   author = {{Borucki}, W. and {Koch}, D. and {Basri}, G. and {Batalha}, N. and
	{Brown}, T. and {Caldwell}, D. and {Christensen-Dalsgaard}, J. and
	{Cochran}, W. and {Dunham}, E. and {Gautier}, T.~N. and {Geary}, J. and
	{Gilliland}, R. and {Jenkins}, J. and {Kondo}, Y. and {Latham}, D. and
	{Lissauer}, J.~J. and {Monet}, D.},
    title = "{Finding Earth-size planets in the habitable zone: the Kepler Mission}",
 keywords = {Planet detection, exoplanets, differential photometry, space-based telescope},
booktitle = {Exoplanets: Detection, Formation and Dynamics},
     year = 2008,
   series = {IAU Symposium},
   volume = 249,
   editor = {{Sun}, Y.-S. and {Ferraz-Mello}, S. and {Zhou}, J.-L.},
    month = may,
    pages = {17-24},
      doi = {10.1017/S174392130801630X},
   adsurl = {http://adsabs.harvard.edu/abs/2008IAUS..249...17B},
  adsnote = {Provided by the SAO/NASA Astrophysics Data System}
}

@ARTICLE{heller2018,
   author = {{Heller}, R.},
    title = "{The nature of the giant exomoon candidate Kepler-1625 b-i}",
  journal = {\aap},
archivePrefix = "arXiv",
   eprint = {1710.06209},
 primaryClass = "astro-ph.EP",
 keywords = {accretion, accretion disks, eclipses, planetary systems, planets and satellites: composition, planets and satellites: formation, planets and satellites: individual: Kepler-1625 b},
     year = 2018,
    month = feb,
   volume = 610,
      eid = {A39},
    pages = {A39},
      doi = {10.1051/0004-6361/201731760},
   adsurl = {http://adsabs.harvard.edu/abs/2018A%26A...610A..39H},
  adsnote = {Provided by the SAO/NASA Astrophysics Data System}
}

@ARTICLE{kaltenegger2007,
   author = {{Kaltenegger}, L. and {Traub}, W.~A. and {Jucks}, K.~W.},
    title = "{Spectral Evolution of an Earth-like Planet}",
  journal = {\apj},
   eprint = {astro-ph/0609398},
 keywords = {Astrobiology, Earth, Stars: Planetary Systems},
     year = 2007,
    month = mar,
   volume = 658,
    pages = {598-616},
      doi = {10.1086/510996},
   adsurl = {http://adsabs.harvard.edu/abs/2007ApJ...658..598K},
  adsnote = {Provided by the SAO/NASA Astrophysics Data System}
}

@ARTICLE{miller2009,
   author = {{Miller-Ricci}, E. and {Seager}, S. and {Sasselov}, D.},
    title = "{The Atmospheric Signatures of Super-Earths: How to Distinguish Between Hydrogen-Rich and Hydrogen-Poor Atmospheres}",
  journal = {\apj},
archivePrefix = "arXiv",
   eprint = {0808.1902},
 keywords = {planetary systems, stars: individual: Gl 581},
     year = 2009,
    month = jan,
   volume = 690,
    pages = {1056-1067},
      doi = {10.1088/0004-637X/690/2/1056},
   adsurl = {http://adsabs.harvard.edu/abs/2009ApJ...690.1056M},
  adsnote = {Provided by the SAO/NASA Astrophysics Data System}
}


@ARTICLE{stephenson1986,
   author = {{Stephenson}, C.~B.},
    title = "{Dwarf K and M stars of small proper motion found in a large spectroscopic survey}",
  journal = {\aj},
 keywords = {Astronomical Catalogs, Dwarf Stars, K Stars, M Stars, Spectrum Analysis, Stellar Motions, Binary Stars, Double Stars, Visible Spectrum},
     year = 1986,
    month = jan,
   volume = 91,
    pages = {144-158},
      doi = {10.1086/113994},
   adsurl = {http://adsabs.harvard.edu/abs/1986AJ.....91..144S},
  adsnote = {Provided by the SAO/NASA Astrophysics Data System}
}

@ARTICLE{rein2015,
   author = {{Rein}, H. and {Tamayo}, D.},
    title = "{WHFAST: a fast and unbiased implementation of a symplectic Wisdom-Holman integrator for long-term gravitational simulations}",
  journal = {\mnras},
archivePrefix = "arXiv",
   eprint = {1506.01084},
 primaryClass = "astro-ph.EP",
 keywords = {gravitation, methods: numerical, planets and satellites: dynamical evolution and stability},
     year = 2015,
    month = sep,
   volume = 452,
    pages = {376-388},
      doi = {10.1093/mnras/stv1257},
   adsurl = {http://adsabs.harvard.edu/abs/2015MNRAS.452..376R},
  adsnote = {Provided by the SAO/NASA Astrophysics Data System}
}

@ARTICLE{obermeier2016,
   author = {{Obermeier}, C. and {Henning}, T. and {Schlieder}, J.~E. and
	{Crossfield}, I.~J.~M. and {Petigura}, E.~A. and {Howard}, A.~W. and
	{Sinukoff}, E. and {Isaacson}, H. and {Ciardi}, D.~R. and {David}, T.~J. and
	{Hillenbrand}, L.~A. and {Beichman}, C.~A. and {Howell}, S.~B. and
	{Horch}, E. and {Everett}, M. and {Hirsch}, L. and {Teske}, J. and
	{Christiansen}, J.~L. and {L{\'e}pine}, S. and {Aller}, K.~M. and
	{Liu}, M.~C. and {Saglia}, R.~P. and {Livingston}, J. and {Kluge}, M.
	},
    title = "{K2 Discovers a Busy Bee: An Unusual Transiting Neptune Found in the Beehive Cluster}",
  journal = {\aj},
archivePrefix = "arXiv",
   eprint = {1608.04760},
 primaryClass = "astro-ph.EP",
 keywords = {eclipses, stars: individual: K2-95, stars: low-mass, techniques: photometric, techniques: spectroscopic},
     year = 2016,
    month = dec,
   volume = 152,
      eid = {223},
    pages = {223},
      doi = {10.3847/1538-3881/152/6/223},
   adsurl = {http://adsabs.harvard.edu/abs/2016AJ....152..223O},
  adsnote = {Provided by the SAO/NASA Astrophysics Data System}
}


@ARTICLE{oberg2011,
   author = {{{\"O}berg}, K.~I. and {Murray-Clay}, R. and {Bergin}, E.~A.
	},
    title = "{The Effects of Snowlines on C/O in Planetary Atmospheres}",
  journal = {\apjl},
archivePrefix = "arXiv",
   eprint = {1110.5567},
 keywords = {astrochemistry, circumstellar matter, molecular processes, planetary systems, planet-disk interactions, planets and satellites: atmospheres},
     year = 2011,
    month = dec,
   volume = 743,
      eid = {L16},
    pages = {L16},
      doi = {10.1088/2041-8205/743/1/L16},
   adsurl = {http://adsabs.harvard.edu/abs/2011ApJ...743L..16O},
  adsnote = {Provided by the SAO/NASA Astrophysics Data System}
}

@ARTICLE{jodar2013,
   author = {{J{\'o}dar}, E. and {P{\'e}rez-Garrido}, A. and {D{\'{\i}}az-S{\'a}nchez}, A. and
	{Vill{\'o}}, I. and {Rebolo}, R. and {P{\'e}rez-Prieto}, J.~A.
	},
    title = "{New companions to nearby low-mass stars}",
  journal = {\mnras},
 keywords = {instrumentation: high angular resolution, binaries: general, brown dwarfs, stars: low-mass},
     year = 2013,
    month = feb,
   volume = 429,
    pages = {859-867},
      doi = {10.1093/mnras/sts382},
   adsurl = {http://adsabs.harvard.edu/abs/2013MNRAS.429..859J},
  adsnote = {Provided by the SAO/NASA Astrophysics Data System}
}

@ARTICLE{mcquillan2013,
   author = {{McQuillan}, A. and {Aigrain}, S. and {Mazeh}, T.},
    title = "{Measuring the rotation period distribution of field M dwarfs with Kepler}",
  journal = {\mnras},
archivePrefix = "arXiv",
   eprint = {1303.6787},
 primaryClass = "astro-ph.SR",
 keywords = {methods: data analysis, stars: evolution, stars: low-mass, stars: magnetic field, stars: rotation},
     year = 2013,
    month = jun,
   volume = 432,
    pages = {1203-1216},
      doi = {10.1093/mnras/stt536},
   adsurl = {http://adsabs.harvard.edu/abs/2013MNRAS.432.1203M},
  adsnote = {Provided by the SAO/NASA Astrophysics Data System}
}

@ARTICLE{mayo2018,
   author = {{Mayo}, A.~W. and {Vanderburg}, A. and {Latham}, D.~W. and {Bieryla}, A. and
	{Morton}, T.~D. and {Buchhave}, L.~A. and {Dressing}, C.~D. and
	{Beichman}, C. and {Berlind}, P. and {Calkins}, M.~L. and {Ciardi}, D.~R. and
	{Crossfield}, I.~J.~M. and {Esquerdo}, G.~A. and {Everett}, M.~E. and
	{Gonzales}, E.~J. and {Hirsch}, L.~A. and {Horch}, E.~P. and
	{Howard}, A.~W. and {Howell}, S.~B. and {Livingston}, J. and
	{Patel}, R. and {Petigura}, E.~A. and {Schlieder}, J.~E. and
	{Scott}, N.~J. and {Schumer}, C.~F. and {Sinukoff}, E. and {Teske}, J. and
	{Winters}, J.~G.},
    title = "{275 Candidates and 149 Validated Planets Orbiting Bright Stars in K2 Campaigns 0{\ndash}10}",
  journal = {\aj},
archivePrefix = "arXiv",
   eprint = {1802.05277},
 primaryClass = "astro-ph.EP",
 keywords = {methods: data analysis, planets and satellites: detection, techniques: photometric },
     year = 2018,
    month = mar,
   volume = 155,
      eid = {136},
    pages = {136},
      doi = {10.3847/1538-3881/aaadff},
   adsurl = {http://adsabs.harvard.edu/abs/2018AJ....155..136M},
  adsnote = {Provided by the SAO/NASA Astrophysics Data System}
}

@ARTICLE{esteves2015,
   author = {{Esteves}, L.~J. and {De Mooij}, E.~J.~W. and {Jayawardhana}, R.
	},
    title = "{Changing Phases of Alien Worlds: Probing Atmospheres of Kepler Planets with High-precision Photometry}",
  journal = {\apj},
archivePrefix = "arXiv",
   eprint = {1407.2245},
 primaryClass = "astro-ph.EP",
 keywords = {planet{\ndash}star interactions, planets and satellites: atmospheres, planets and satellites: gaseous planets, techniques: photometric},
     year = 2015,
    month = may,
   volume = 804,
      eid = {150},
    pages = {150},
      doi = {10.1088/0004-637X/804/2/150},
   adsurl = {http://adsabs.harvard.edu/abs/2015ApJ...804..150E},
  adsnote = {Provided by the SAO/NASA Astrophysics Data System}
}

@ARTICLE{tamayo2017,
   author = {{Tamayo}, D. and {Rein}, H. and {Petrovich}, C. and {Murray}, N.
	},
    title = "{Convergent Migration Renders TRAPPIST-1 Long-lived}",
  journal = {\apjl},
archivePrefix = "arXiv",
   eprint = {1704.02957},
 primaryClass = "astro-ph.EP",
 keywords = {celestial mechanics, chaos, planet{\ndash}disk interactions, planets and satellites: formation},
     year = 2017,
    month = may,
   volume = 840,
      eid = {L19},
    pages = {L19},
      doi = {10.3847/2041-8213/aa70ea},
   adsurl = {http://adsabs.harvard.edu/abs/2017ApJ...840L..19T},
  adsnote = {Provided by the SAO/NASA Astrophysics Data System}
}


@ARTICLE{dressing2017,
   author = {{Dressing}, C.~D. and {Vanderburg}, A. and {Schlieder}, J.~E. and
	{Crossfield}, I.~J.~M. and {Knutson}, H.~A. and {Newton}, E.~R. and
	{Ciardi}, D.~R. and {Fulton}, B.~J. and {Gonzales}, E.~J. and
	{Howard}, A.~W. and {Isaacson}, H. and {Livingston}, J. and
	{Petigura}, E.~A. and {Sinukoff}, E. and {Everett}, M. and {Horch}, E. and
	{Howell}, S.~B.},
    title = "{Characterizing K2 Candidate Planetary Systems Orbiting Low-mass Stars. II. Planetary Systems Observed During Campaigns 1-7}",
  journal = {\aj},
archivePrefix = "arXiv",
   eprint = {1703.07416},
 primaryClass = "astro-ph.EP",
 keywords = {planetary systems, planets and satellites: fundamental parameters, stars: fundamental parameters, stars: late-type, stars: low-mass, techniques: spectroscopic},
     year = 2017,
    month = nov,
   volume = 154,
      eid = {207},
    pages = {207},
      doi = {10.3847/1538-3881/aa89f2},
   adsurl = {http://adsabs.harvard.edu/abs/2017AJ....154..207D},
  adsnote = {Provided by the SAO/NASA Astrophysics Data System}
}

@ARTICLE{cauley2017,
   author = {{Cauley}, P.~W. and {Redfield}, S. and {Jensen}, A.~G.},
    title = "{A Decade of H{$\alpha$} Transits for HD 189733 b: Stellar Activity versus Absorption in the Extended Atmosphere}",
  journal = {\aj},
archivePrefix = "arXiv",
   eprint = {1703.09543},
 primaryClass = "astro-ph.EP",
 keywords = {planets and satellites: atmospheres, planets and satellites: individual: HD 189733 b, stars: activity, stars: individual: HD 189733, techniques: spectroscopic},
     year = 2017,
    month = may,
   volume = 153,
      eid = {217},
    pages = {217},
      doi = {10.3847/1538-3881/aa6a15},
   adsurl = {http://adsabs.harvard.edu/abs/2017AJ....153..217C},
  adsnote = {Provided by the SAO/NASA Astrophysics Data System}
}

@INBOOK{meadows2010,
   author = {{Meadows}, V. and {Seager}, S.},
    title = "{Terrestrial Planet Atmospheres and Biosignatures}",
booktitle = {Exoplanets},
     year = 2010,
    month = dec,
   editor = {{Seager}, S.},
    pages = {441-470},
   adsurl = {http://adsabs.harvard.edu/abs/2010exop.book..441M},
  adsnote = {Provided by the SAO/NASA Astrophysics Data System}
}

@ARTICLE{kipping2017,
   author = {{Kipping}, D.},
    title = "{Relativistic Light Sails}",
  journal = {\aj},
archivePrefix = "arXiv",
   eprint = {1704.04310},
 primaryClass = "astro-ph.IM",
 keywords = {acceleration of particles, methods: analytical, relativistic processes, space vehicles },
     year = 2017,
    month = jun,
   volume = 153,
      eid = {277},
    pages = {277},
      doi = {10.3847/1538-3881/aa729d},
   adsurl = {http://adsabs.harvard.edu/abs/2017AJ....153..277K},
  adsnote = {Provided by the SAO/NASA Astrophysics Data System}
}


@ARTICLE{niraula2017,
   author = {{Niraula}, P. and {Redfield}, S. and {Dai}, F. and {Barrag{\'a}n}, O. and
	{Gandolfi}, D. and {Cauley}, P.~W. and {Hirano}, T. and {Korth}, J. and
	{Smith}, A.~M.~S. and {Prieto-Arranz}, J. and {Grziwa}, S. and
	{Fridlund}, M. and {Persson}, C.~M. and {Justesen}, A.~B. and
	{Winn}, J.~N. and {Albrecht}, S. and {Cochran}, W.~D. and {Csizmadia}, S. and
	{Duvvuri}, G.~M. and {Endl}, M. and {Hatzes}, A.~P. and {Livingston}, J.~H. and
	{Narita}, N. and {Nespral}, D. and {Nowak}, G. and {P{\"a}tzold}, M. and
	{Palle}, E. and {Van Eylen}, V.},
    title = "{Three Super-Earths Transiting the Nearby Star GJ 9827}",
  journal = {\aj},
archivePrefix = "arXiv",
   eprint = {1709.01527},
 primaryClass = "astro-ph.EP",
 keywords = {planets and satellites: detection, stars: individual: GJ 9827, K2-135 },
     year = 2017,
    month = dec,
   volume = 154,
      eid = {266},
    pages = {266},
      doi = {10.3847/1538-3881/aa957c},
   adsurl = {http://adsabs.harvard.edu/abs/2017AJ....154..266N},
  adsnote = {Provided by the SAO/NASA Astrophysics Data System}
}

@ARTICLE{gomez2016,
   author = {{Alvarado-G{\'o}mez}, J.~D. and {Hussain}, G.~A.~J. and {Cohen}, O. and
	{Drake}, J.~J. and {Garraffo}, C. and {Grunhut}, J. and {Gombosi}, T.~I.
	},
    title = "{Simulating the environment around planet-hosting stars. II. Stellar winds and inner astrospheres}",
  journal = {\aap},
archivePrefix = "arXiv",
   eprint = {1607.08405},
 primaryClass = "astro-ph.SR",
 keywords = {stars: winds, outflows, stars: mass-loss, stars: magnetic field, stars: late-type, magnetohydrodynamics (MHD)},
     year = 2016,
    month = oct,
   volume = 594,
      eid = {A95},
    pages = {A95},
      doi = {10.1051/0004-6361/201628988},
   adsurl = {http://adsabs.harvard.edu/abs/2016A%26A...594A..95A},
  adsnote = {Provided by the SAO/NASA Astrophysics Data System}
}

@ARTICLE{linsky2014,
   author = {{Linsky}, J.~L. and {Fontenla}, J. and {France}, K.},
    title = "{The Intrinsic Extreme Ultraviolet Fluxes of F5 V TO M5 V Stars}",
  journal = {\apj},
archivePrefix = "arXiv",
   eprint = {1310.1360},
 primaryClass = "astro-ph.SR",
 keywords = {planet-star interactions, planets and satellites: atmospheres, stars: chromospheres, stars: low-mass, Sun: UV radiation, ultraviolet: stars},
     year = 2014,
    month = jan,
   volume = 780,
      eid = {61},
    pages = {61},
      doi = {10.1088/0004-637X/780/1/61},
   adsurl = {http://adsabs.harvard.edu/abs/2014ApJ...780...61L},
  adsnote = {Provided by the SAO/NASA Astrophysics Data System}
}

@ARTICLE{wood2005,
   author = {{Wood}, B.~E. and {M{\"u}ller}, H.-R. and {Zank}, G.~P. and
	{Linsky}, J.~L. and {Redfield}, S.},
    title = "{New Mass-Loss Measurements from Astrospheric Ly{$\alpha$} Absorption}",
  journal = {\apjl},
   eprint = {astro-ph/0506401},
 keywords = {Stars: Circumstellar Matter, Stars: Winds, Outflows, Ultraviolet: Stars},
     year = 2005,
    month = aug,
   volume = 628,
    pages = {L143-L146},
      doi = {10.1086/432716},
   adsurl = {http://adsabs.harvard.edu/abs/2005ApJ...628L.143W},
  adsnote = {Provided by the SAO/NASA Astrophysics Data System}
}

@ARTICLE{knutson2008,
   author = {{Knutson}, H.~A. and {Charbonneau}, D. and {Allen}, L.~E. and
	{Burrows}, A. and {Megeath}, S.~T.},
    title = "{The 3.6-8.0 {$\mu$}m Broadband Emission Spectrum of HD 209458b: Evidence for an Atmospheric Temperature Inversion}",
  journal = {\apj},
archivePrefix = "arXiv",
   eprint = {0709.3984},
 keywords = {eclipses, planetary systems, stars: individual: HD 209458b, techniques: photometric },
     year = 2008,
    month = jan,
   volume = 673,
      eid = {526-531},
    pages = {526-531},
      doi = {10.1086/523894},
   adsurl = {http://adsabs.harvard.edu/abs/2008ApJ...673..526K},
  adsnote = {Provided by the SAO/NASA Astrophysics Data System}
}

@ARTICLE{armstrong2016,
   author = {{Armstrong}, D.~J. and {de Mooij}, E. and {Barstow}, J. and
	{Osborn}, H.~P. and {Blake}, J. and {Saniee}, N.~F.},
    title = "{Variability in the atmosphere of the hot giant planet HAT-P-7 b}",
  journal = {Nature Astronomy},
archivePrefix = "arXiv",
   eprint = {1612.04225},
 primaryClass = "astro-ph.EP",
     year = 2016,
    month = dec,
   volume = 1,
      eid = {0004},
    pages = {0004},
      doi = {10.1038/s41550-016-0004},
   adsurl = {http://adsabs.harvard.edu/abs/2016NatAs...1E...4A},
  adsnote = {Provided by the SAO/NASA Astrophysics Data System}
}


@ARTICLE{deming2009,
   author = {{Deming}, D. and {Seager}, S. and {Winn}, J. and {Miller-Ricci}, E. and
	{Clampin}, M. and {Lindler}, D. and {Greene}, T. and {Charbonneau}, D. and
	{Laughlin}, G. and {Ricker}, G. and {Latham}, D. and {Ennico}, K.
	},
    title = "{Discovery and Characterization of Transiting Super Earths Using an All-Sky Transit Survey and Follow-up by the James Webb Space Telescope}",
  journal = {\pasp},
archivePrefix = "arXiv",
   eprint = {0903.4880},
 primaryClass = "astro-ph.EP",
     year = 2009,
    month = sep,
   volume = 121,
    pages = {952},
      doi = {10.1086/605913},
   adsurl = {http://adsabs.harvard.edu/abs/2009PASP..121..952D},
  adsnote = {Provided by the SAO/NASA Astrophysics Data System}
}

@ARTICLE{rogers2015,
   author = {{Rogers}, L.~A.},
    title = "{Most 1.6 Earth-radius Planets are Not Rocky}",
  journal = {\apj},
archivePrefix = "arXiv",
   eprint = {1407.4457},
 primaryClass = "astro-ph.EP",
 keywords = {methods: data analysis, methods: statistical, planetary systems, planets and satellites: composition, techniques: photometric, techniques: radial velocities},
     year = 2015,
    month = mar,
   volume = 801,
      eid = {41},
    pages = {41},
      doi = {10.1088/0004-637X/801/1/41},
   adsurl = {http://adsabs.harvard.edu/abs/2015ApJ...801...41R},
  adsnote = {Provided by the SAO/NASA Astrophysics Data System}
}

@ARTICLE{showman2002,
   author = {{Showman}, A.~P. and {Guillot}, T.},
    title = "{Atmospheric circulation and tides of ``51 Pegasus b-like'' planets}",
  journal = {\aap},
   eprint = {astro-ph/0202236},
 keywords = {PLANETS AND SATELLITES: GENERAL, STARS: PLANETARY SYSTEMS},
     year = 2002,
    month = apr,
   volume = 385,
    pages = {166-180},
      doi = {10.1051/0004-6361:20020101},
   adsurl = {http://adsabs.harvard.edu/abs/2002A%26A...385..166S},
  adsnote = {Provided by the SAO/NASA Astrophysics Data System}
}


@ARTICLE{rodriguez2018,
   author = {{Rodriguez}, J.~E. and {Vanderburg}, A. and {Eastman}, J.~D. and
	{Mann}, A.~W. and {Crossfield}, I.~J.~M. and {Ciardi}, D.~R. and
	{Latham}, D.~W. and {Quinn}, S.~N.},
    title = "{A System of Three Super Earths Transiting the Late K-Dwarf GJ 9827 at 30 pc}",
  journal = {\aj},
archivePrefix = "arXiv",
   eprint = {1709.01957},
 primaryClass = "astro-ph.EP",
 keywords = {planetary systems, planets and satellites: detection, stars: individual: GJ 9827 },
     year = 2018,
    month = feb,
   volume = 155,
      eid = {72},
    pages = {72},
      doi = {10.3847/1538-3881/aaa292},
   adsurl = {http://adsabs.harvard.edu/abs/2018AJ....155...72R},
  adsnote = {Provided by the SAO/NASA Astrophysics Data System}
}


@ARTICLE{demory2014,
   author = {{Demory}, B.-O.},
    title = "{The Albedos of Kepler's Close-in Super-Earths}",
  journal = {\apjl},
archivePrefix = "arXiv",
   eprint = {1405.3798},
 primaryClass = "astro-ph.EP",
 keywords = {planetary systems, techniques: photometric},
     year = 2014,
    month = jul,
   volume = 789,
      eid = {L20},
    pages = {L20},
      doi = {10.1088/2041-8205/789/1/L20},
   adsurl = {http://adsabs.harvard.edu/abs/2014ApJ...789L..20D},
  adsnote = {Provided by the SAO/NASA Astrophysics Data System}
}


@TECHREPORT{keplerhandbook,
   author = {{Van Cleve}, J.~E. and {Christiansen}, J.~L. and {Jenkins}, J.~M. and
	{Caldwell}, D.~A. and {Barclay}, T. and {Bryson}, S.~T. and
	{Burke}, C.~J. and {Cambell}, J. and {Catanzarite}, J. and {Clarke}, B.~D. and
	{Coughlin}, J.~L. and {Girouard}, F. and {Haas}, M.~R. and {Klaus}, T.~C. and
	{Kolodziejczak}, J.~J. and {Li}, J. and {McCauliff}, S.~D. and
	{Morris}, R.~L. and {Mullally}, F. and {Quintana}, E.~V. and
	{Rowe}, J. and {Sabale}, A. and {Seader}, S. and {Smith}, J.~C. and
	{Still}, M.~D. and {Tenenbaum}, P.~G. and {Thompson}, S.~E. and
	{Twicken}, J.~D. and {Kamal Uddin}, A. and {Zamudio}, K.},
    title = "{Kepler Data Characteristics Handbook}",
 keywords = {Kepler, K2, DR25},
booktitle = {Kepler Science Document, KSCI-19040-005, Edited by Doug Caldwell, Jon M. Jenkins, Michael R. Haas, and Natalie Batalha},
     year = 2016,
    month = dec,
   adsurl = {http://adsabs.harvard.edu/abs/2016ksci.rept....2B},
  adsnote = {Provided by the SAO/NASA Astrophysics Data System}
}

@ARTICLE{esteves2013,
   author = {{Esteves}, L.~J. and {De Mooij}, E.~J.~W. and {Jayawardhana}, R.
	},
    title = "{Optical Phase Curves of Kepler Exoplanets}",
  journal = {\apj},
archivePrefix = "arXiv",
   eprint = {1305.3271},
 primaryClass = "astro-ph.EP",
 keywords = {planets and satellites: individual: Kepler-5 Kepler-6 Kepler-8 KOI-64 KOI-2133 TrES-2 HAT-P-7, stars: individual: Kepler-5 Kepler-6 Kepler-8 KOI-64 KOI-2133 TrES-2 HAT-P-7, techniques: photometric},
     year = 2013,
    month = jul,
   volume = 772,
      eid = {51},
    pages = {51},
      doi = {10.1088/0004-637X/772/1/51},
   adsurl = {http://adsabs.harvard.edu/abs/2013ApJ...772...51E},
  adsnote = {Provided by the SAO/NASA Astrophysics Data System}
}


@ARTICLE{fujii2017,
   author = {{Fujii}, Y. and {Angerhausen}, D. and {Deitrick}, R. and {Domagal-Goldman}, S. and
	{Grenfell}, J.~L. and {Hori}, Y. and {Kane}, S.~R. and {Palle}, E. and
	{Rauer}, H. and {Siegler}, N. and {Stapelfeldt}, K. and {Stevenson}, K.~B.
	},
    title = "{Exoplanet Biosignatures: Observational Prospects}",
  journal = {ArXiv e-prints},
archivePrefix = "arXiv",
   eprint = {1705.07098},
 primaryClass = "astro-ph.EP",
 keywords = {Astrophysics - Earth and Planetary Astrophysics},
     year = 2017,
    month = may,
   adsurl = {http://adsabs.harvard.edu/abs/2017arXiv170507098F},
  adsnote = {Provided by the SAO/NASA Astrophysics Data System}
}

@ARTICLE{nardiello2016,
   author = {{Nardiello}, D. and {Libralato}, M. and {Bedin}, L.~R. and {Piotto}, G. and
	{Borsato}, L. and {Granata}, V. and {Malavolta}, L. and {Nascimbeni}, V.
	},
    title = "{A PSF-based approach to Kepler/K2 data - III. Search for exoplanets and variable stars within the open cluster M 67 (NGC 2682)}",
  journal = {\mnras},
archivePrefix = "arXiv",
   eprint = {1608.08539},
 primaryClass = "astro-ph.SR",
 keywords = {techniques: image processing, techniques: photometric, binaries: general, stars: variables: general, open clusters and associations: individual: M 67},
     year = 2016,
    month = dec,
   volume = 463,
    pages = {1831-1843},
      doi = {10.1093/mnras/stw2169},
   adsurl = {http://adsabs.harvard.edu/abs/2016MNRAS.463.1831N},
  adsnote = {Provided by the SAO/NASA Astrophysics Data System}
}


@ARTICLE{k2_34_3,
   author = {{Brahm}, R. and {Jones}, M. and {Espinoza}, N. and {Jord{\'a}n}, A. and
	{Rabus}, M. and {Rojas}, F. and {Jenkins}, J.~S. and {Cort{\'e}s}, C. and
	{Drass}, H. and {Pantoja}, B. and {Soto}, M.~G. and {Vu{\v c}kovi{\'c}}, M.
	},
    title = "{An Independent Discovery of Two Hot Jupiters from the K2 Mission}",
  journal = {\pasp},
archivePrefix = "arXiv",
   eprint = {1603.01721},
 primaryClass = "astro-ph.EP",
     year = 2016,
    month = dec,
   volume = 128,
   number = 12,
    pages = {124402},
      doi = {10.1088/1538-3873/128/970/124402},
   adsurl = {http://adsabs.harvard.edu/abs/2016PASP..128l4402B},
  adsnote = {Provided by the SAO/NASA Astrophysics Data System}
}

@ARTICLE{angerhausen2015,
   author = {{Angerhausen}, D. and {DeLarme}, E. and {Morse}, J.~A.},
    title = "{A Comprehensive Study of Kepler Phase Curves and Secondary Eclipses: Temperatures and Albedos of Confirmed Kepler Giant Planets}",
  journal = {\pasp},
archivePrefix = "arXiv",
   eprint = {1404.4348},
 primaryClass = "astro-ph.SR",
     year = 2015,
    month = nov,
   volume = 127,
    pages = {1113},
      doi = {10.1086/683797},
   adsurl = {http://adsabs.harvard.edu/abs/2015PASP..127.1113A},
  adsnote = {Provided by the SAO/NASA Astrophysics Data System}
}

@ARTICLE{christiansen2018,
   author = {{Christiansen}, J.~L. and {Crossfield}, I.~J.~M. and {Barentsen}, G. and
	{Lintott}, C.~J. and {Barclay}, T. and {Simmons}, B.~D. and
	{Petigura}, E. and {Schlieder}, J.~E. and {Dressing}, C.~D. and
	{Vanderburg}, A. and {Allen}, C. and {McMaster}, A. and {Miller}, G. and
	{Veldthuis}, M. and {Allen}, S. and {Wolfenbarger}, Z. and {Cox}, B. and
	{Zemiro}, J. and {Howard}, A.~W. and {Livingston}, J. and {Sinukoff}, E. and
	{Catron}, T. and {Grey}, A. and {Kusch}, J.~J.~E. and {Terentev}, I. and
	{Vales}, M. and {Kristiansen}, M.~H.},
    title = "{The K2-138 System: A Near-resonant Chain of Five Sub-Neptune Planets Discovered by Citizen Scientists}",
  journal = {\aj},
archivePrefix = "arXiv",
   eprint = {1801.03874},
 primaryClass = "astro-ph.EP",
 keywords = {eclipses, stars: individual: K2-138, techniques: photometric, techniques: spectroscopic },
     year = 2018,
    month = feb,
   volume = 155,
      eid = {57},
    pages = {57},
      doi = {10.3847/1538-3881/aa9be0},
   adsurl = {http://adsabs.harvard.edu/abs/2018AJ....155...57C},
  adsnote = {Provided by the SAO/NASA Astrophysics Data System}
}

@ARTICLE{sarah2017,
   author = {{Millholland}, S. and {Laughlin}, G.},
    title = "{Supervised Learning Detection of Sixty Non-transiting Hot Jupiter Candidates}",
  journal = {\aj},
archivePrefix = "arXiv",
   eprint = {1706.06602},
 primaryClass = "astro-ph.EP",
 keywords = {methods: statistical, planets and satellites: atmospheres, planets and satellites: detection},
     year = 2017,
    month = sep,
   volume = 154,
      eid = {83},
    pages = {83},
      doi = {10.3847/1538-3881/aa7a0f},
   adsurl = {http://adsabs.harvard.edu/abs/2017AJ....154...83M},
  adsnote = {Provided by the SAO/NASA Astrophysics Data System}
}

@ARTICLE{demory2016,
   author = {{Demory}, B.-O. and {Gillon}, M. and {de Wit}, J. and {Madhusudhan}, N. and
	{Bolmont}, E. and {Heng}, K. and {Kataria}, T. and {Lewis}, N. and
	{Hu}, R. and {Krick}, J. and {Stamenkovi{\'c}}, V. and {Benneke}, B. and
	{Kane}, S. and {Queloz}, D.},
    title = "{A map of the large day-night temperature gradient of a super-Earth exoplanet}",
  journal = {\nat},
archivePrefix = "arXiv",
   eprint = {1604.05725},
 primaryClass = "astro-ph.EP",
     year = 2016,
    month = apr,
   volume = 532,
    pages = {207-209},
      doi = {10.1038/nature17169},
   adsurl = {http://adsabs.harvard.edu/abs/2016Natur.532..207D},
  adsnote = {Provided by the SAO/NASA Astrophysics Data System}
}

@ARTICLE{rauscher2008,
   author = {{Rauscher}, E. and {Menou}, K. and {Y-K.~Cho}, J. and {Seager}, S. and
	{Hansen}, B.~M.~S.},
    title = "{On Signatures of Atmospheric Features in Thermal Phase Curves of Hot Jupiters}",
  journal = {\apj},
archivePrefix = "arXiv",
   eprint = {0712.2242},
 keywords = {infrared: general, infrared: stars, planetary systems, stars: atmospheres, turbulence },
     year = 2008,
    month = jul,
   volume = 681,
      eid = {1646-1652},
    pages = {1646-1652},
      doi = {10.1086/589499},
   adsurl = {http://adsabs.harvard.edu/abs/2008ApJ...681.1646R},
  adsnote = {Provided by the SAO/NASA Astrophysics Data System}
}

@ARTICLE{harrington2006,
   author = {{Harrington}, J. and {Hansen}, B.~M. and {Luszcz}, S.~H. and
	{Seager}, S. and {Deming}, D. and {Menou}, K. and {Cho}, J.~Y.-K. and
	{Richardson}, L.~J.},
    title = "{The Phase-Dependent Infrared Brightness of the Extrasolar Planet {\upsi} Andromedae b}",
  journal = {Science},
   eprint = {astro-ph/0610491},
     year = 2006,
    month = oct,
   volume = 314,
    pages = {623-626},
      doi = {10.1126/science.1133904},
   adsurl = {http://adsabs.harvard.edu/abs/2006Sci...314..623H},
  adsnote = {Provided by the SAO/NASA Astrophysics Data System}
}


@ARTICLE{k2_34_2,
   author = {{Lillo-Box}, J. and {Demangeon}, O. and {Santerne}, A. and {Barros}, S.~C.~C. and
	{Barrado}, D. and {H{\'e}brard}, G. and {Osborn}, H.~P. and
	{Armstrong}, D.~J. and {Almenara}, J.-M. and {Boisse}, I. and
	{Bouchy}, F. and {Brown}, D.~J.~A. and {Courcol}, B. and {Deleuil}, M. and
	{Delgado Mena}, E. and {D{\'{\i}}az}, R.~F. and {Kirk}, J. and
	{Lam}, K.~W.~F. and {McCormac}, J. and {Pollacco}, D. and {Rajpurohit}, A. and
	{Rey}, J. and {Santos}, N.~C. and {Sousa}, S.~G. and {Tsantaki}, M. and
	{Wilson}, P.~A.},
    title = "{K2-30 b and K2-34 b: Two inflated hot Jupiters around solar-type stars}",
  journal = {\aap},
archivePrefix = "arXiv",
   eprint = {1601.07635},
 primaryClass = "astro-ph.EP",
 keywords = {planets and satellites: detection, planets and satellites: gaseous planets, techniques: radial velocities, techniques: photometric, techniques: high angular resolution},
     year = 2016,
    month = oct,
   volume = 594,
      eid = {A50},
    pages = {A50},
      doi = {10.1051/0004-6361/201628204},
   adsurl = {http://adsabs.harvard.edu/abs/2016A%26A...594A..50L},
  adsnote = {Provided by the SAO/NASA Astrophysics Data System}
}

@ARTICLE{rizzuto2017,
   author = {{Rizzuto}, A.~C. and {Mann}, A.~W. and {Vanderburg}, A. and
	{Kraus}, A.~L. and {Covey}, K.~R.},
    title = "{Zodiacal Exoplanets in Time (ZEIT). V. A Uniform Search for Transiting Planets in Young Clusters Observed by K2}",
  journal = {\aj},
archivePrefix = "arXiv",
   eprint = {1709.09670},
 primaryClass = "astro-ph.EP",
 keywords = {methods: data analysis, open clusters and associations: general, planetary systems, planets and satellites: detection, planets and satellites: dynamical evolution and stability, stars: pre-main sequence},
     year = 2017,
    month = dec,
   volume = 154,
      eid = {224},
    pages = {224},
      doi = {10.3847/1538-3881/aa9070},
   adsurl = {http://adsabs.harvard.edu/abs/2017AJ....154..224R},
  adsnote = {Provided by the SAO/NASA Astrophysics Data System}
}

@ARTICLE{serrano2018,
   author = {{Serrano}, L.~M. and {Barros}, S.~C.~C. and {Oshagh}, M. and
	{Santos}, N.~C. and {Faria}, J.~P. and {Demangeon}, O. and {Sousa}, S.~G. and
	{Lendl}, M.},
    title = "{Distinguishing the albedo of exoplanets from stellar activity}",
  journal = {\aap},
archivePrefix = "arXiv",
   eprint = {1712.01805},
 primaryClass = "astro-ph.EP",
 keywords = {techniques: photometric, stars: activity, stars: rotation, starspots, planetary systems, planets and satellites: atmospheres},
     year = 2018,
    month = mar,
   volume = 611,
      eid = {A8},
    pages = {A8},
      doi = {10.1051/0004-6361/201731206},
   adsurl = {http://adsabs.harvard.edu/abs/2018A%26A...611A...8S},
  adsnote = {Provided by the SAO/NASA Astrophysics Data System}
}

@ARTICLE{barragan2017,
   author = {{Barrag{\'a}n}, O. and {Gandolfi}, D. and {Dai}, F. and {Livingston}, J. and
	{Persson}, C.~M. and {Hirano}, T. and {Narita}, N. and {Csizmadia}, S. and
	{Winn}, J.~N. and {Nespral}, D. and {Prieto-Arranz}, J. and
	{Smith}, A.~M.~S. and {Nowak}, G. and {Albrecht}, S. and {Antoniciello}, G. and
	{Justesen}, A.~B. and {Cabrera}, J. and {Cochran}, W.~D. and
	{Deeg.}, H. and {Eigmuller}, P. and {Endl}, M. and {Erikson}, A. and
	{Fridlund}, M. and {Fukui}, A. and {Grziwa}, S. and {Guenther}, E. and
	{Hatzes}, A.~P. and {Hidalgo}, D. and {Johnson}, M.~C. and {Korth}, J. and
	{Palle}, E. and {Patzold}, M. and {Rauer}, H. and {Tanaka}, Y. and
	{Van Eylen}, V.},
    title = "{K2-141 b: A 5-M$\_\oplus$ super-Earth transiting a K7 V star every 6.7 hours}",
  journal = {ArXiv e-prints},
archivePrefix = "arXiv",
   eprint = {1711.02097},
 primaryClass = "astro-ph.EP",
 keywords = {Astrophysics - Earth and Planetary Astrophysics, Astrophysics - Solar and Stellar Astrophysics},
     year = 2017,
    month = nov,
   adsurl = {http://adsabs.harvard.edu/abs/2017arXiv171102097B},
  adsnote = {Provided by the SAO/NASA Astrophysics Data System}
}


@ARTICLE{jorge2018,
   author = {{Prieto-Arranz}, J. and {Palle}, E. and {Gandolfi}, D. and {Barrag{\'a}n}, O. and
	{Guenther}, E.~W. and {Dai}, F. and {Fridlund}, M. and {Hirano}, T. and
	{Livingston}, J. and {Niraula}, P. and {Persson}, C.~M. and
	{Redfield}, S. and {Albrecht}, S. and {Alonso}, R. and {Antoniciello}, G. and
	{Cabrera}, J. and {Cochran}, W.~D. and {Csizmadia}, S. and {Deeg}, H. and
	{Eigm{\"u}ller}, P. and {Endl}, M. and {Erikson}, A. and {Everett}, M.~E. and
	{Fukui}, A. and {Grziwa}, S. and {Hatzes}, A.~P. and {Hidalgo}, D. and
	{Hjorth}, M. and {Korth}, J. and {Lorenzo-Oliveira}, D. and
	{Murgas}, F. and {Narita}, N. and {Nespral}, D. and {Nowak}, G. and
	{P{\"a}tzold}, M. and {Monta{\~n}{\'e}s Rodr{\'{\i}}guez}, P. and
	{Rauer}, H. and {Ribas}, I. and {Smith}, A.~M.~S. and {Van Eylen}, V. and
	{Winn}, J.~N.},
    title = "{Mass determination of the 1:3:5 near-resonant planets transiting GJ 9827 (K2-135)}",
  journal = {ArXiv e-prints},
archivePrefix = "arXiv",
   eprint = {1802.09557},
 primaryClass = "astro-ph.EP",
 keywords = {Astrophysics - Earth and Planetary Astrophysics},
     year = 2018,
    month = feb,
   adsurl = {http://adsabs.harvard.edu/abs/2018arXiv180209557P},
  adsnote = {Provided by the SAO/NASA Astrophysics Data System}
}

@ARTICLE{lund2017,
   author = {{Lund}, M.~N. and {Silva Aguirre}, V. and {Davies}, G.~R. and
	{Chaplin}, W.~J. and {Christensen-Dalsgaard}, J. and {Houdek}, G. and
	{White}, T.~R. and {Bedding}, T.~R. and {Ball}, W.~H. and {Huber}, D. and
	{Antia}, H.~M. and {Lebreton}, Y. and {Latham}, D.~W. and {Handberg}, R. and
	{Verma}, K. and {Basu}, S. and {Casagrande}, L. and {Justesen}, A.~B. and
	{Kjeldsen}, H. and {Mosumgaard}, J.~R.},
    title = "{Standing on the Shoulders of Dwarfs: the Kepler Asteroseismic LEGACY Sample. I. Oscillation Mode Parameters}",
  journal = {\apj},
archivePrefix = "arXiv",
   eprint = {1612.00436},
 primaryClass = "astro-ph.SR",
 keywords = {asteroseismology, stars: evolution, stars: fundamental parameters, stars: oscillations},
     year = 2017,
    month = feb,
   volume = 835,
      eid = {172},
    pages = {172},
      doi = {10.3847/1538-4357/835/2/172},
   adsurl = {http://adsabs.harvard.edu/abs/2017ApJ...835..172L},
  adsnote = {Provided by the SAO/NASA Astrophysics Data System}
}

@ARTICLE{vaneylen2016,
   author = {{Van Eylen}, V. and {Nowak}, G. and {Albrecht}, S. and {Palle}, E. and
	{Ribas}, I. and {Bruntt}, H. and {Perger}, M. and {Gandolfi}, D. and
	{Hirano}, T. and {Sanchis-Ojeda}, R. and {Kiilerich}, A. and
	{Prieto-Arranz}, J. and {Badenas}, M. and {Dai}, F. and {Deeg}, H.~J. and
	{Guenther}, E.~W. and {Monta{\~n}{\'e}s-Rodr{\'{\i}}guez}, P. and
	{Narita}, N. and {B{\'e}jar}, Vi, L.~A.~R.~{\acute}.~J.~S. and
	{Shrotriya}, T.~S. and {Winn}, J.~N. and {Sebastian}, D.},
    title = "{The K2-ESPRINT Project. II. Spectroscopic Follow-up of Three Exoplanet Systems from Campaign 1 of K2}",
  journal = {\apj},
archivePrefix = "arXiv",
   eprint = {1602.01851},
 primaryClass = "astro-ph.EP",
 keywords = {planetary systems, stars: fundamental parameters, stars: individual: EPIC 201295312, EPIC 201546283, EPIC 201577035},
     year = 2016,
    month = mar,
   volume = 820,
      eid = {56},
    pages = {56},
      doi = {10.3847/0004-637X/820/1/56},
   adsurl = {http://adsabs.harvard.edu/abs/2016ApJ...820...56V},
  adsnote = {Provided by the SAO/NASA Astrophysics Data System}
}

@ARTICLE{libralato2015,
   author = {{Libralato}, M. and {Bedin}, L.~R. and {Nardiello}, D. and {Piotto}, G.
	},
    title = "{A PSF-based approach to Kepler/K2 data - I. Variability within the K2 Campaign 0 star clusters M 35 and NGC 2158}",
  journal = {\mnras},
archivePrefix = "arXiv",
   eprint = {1510.09180},
 primaryClass = "astro-ph.SR",
 keywords = {techniques: image processing, techniques: photometric, binaries: general, stars: variables: general, open clusters and associations: individual: M 35, open clusters and associations: individual: NGC 2158},
     year = 2016,
    month = feb,
   volume = 456,
    pages = {1137-1162},
      doi = {10.1093/mnras/stv2628},
   adsurl = {http://adsabs.harvard.edu/abs/2016MNRAS.456.1137L},
  adsnote = {Provided by the SAO/NASA Astrophysics Data System}
}


@ARTICLE{huang2015,
   author = {{Huang}, C.~X. and {Penev}, K. and {Hartman}, J.~D. and {Bakos}, G.~{\'A}. and
	{Bhatti}, W. and {Domsa}, I. and {de Val-Borro}, M.},
    title = "{High-precision photometry for K2 Campaign 1}",
  journal = {\mnras},
archivePrefix = "arXiv",
   eprint = {1507.07578},
 primaryClass = "astro-ph.EP",
 keywords = {methods: data analysis, techniques: photometric, surveys, astrometry},
     year = 2015,
    month = dec,
   volume = 454,
    pages = {4159-4171},
      doi = {10.1093/mnras/stv2257},
   adsurl = {http://adsabs.harvard.edu/abs/2015MNRAS.454.4159H},
  adsnote = {Provided by the SAO/NASA Astrophysics Data System}
}

@ARTICLE{redfield2008,
   author = {{Redfield}, S. and {Endl}, M. and {Cochran}, W.~D. and {Koesterke}, L.
	},
    title = "{Sodium Absorption from the Exoplanetary Atmosphere of HD 189733b Detected in the Optical Transmission Spectrum}",
  journal = {\apjl},
archivePrefix = "arXiv",
   eprint = {0712.0761},
 keywords = {atmospheric effects, line: profiles, planetary systems, planets and satellites: individual: HD 189733b, stars: individual: HD 189733, techniques: spectroscopic},
     year = 2008,
    month = jan,
   volume = 673,
      eid = {L87},
    pages = {L87},
      doi = {10.1086/527475},
   adsurl = {http://adsabs.harvard.edu/abs/2008ApJ...673L..87R},
  adsnote = {Provided by the SAO/NASA Astrophysics Data System}
}

@ARTICLE{houdebine2016,
   author = {{Houdebine}, E.~R. and {Mullan}, D.~J. and {Paletou}, F. and
	{Gebran}, M.},
    title = "{Rotation-Activity Correlations in K and M Dwarfs. I. Stellar Parameters and Compilations of v sin I and P/sin I for a Large Sample of Late-K and M Dwarfs}",
  journal = {\apj},
archivePrefix = "arXiv",
   eprint = {1604.07920},
 primaryClass = "astro-ph.SR",
 keywords = {stars: fundamental parameters, stars: late-type, stars: rotation},
     year = 2016,
    month = may,
   volume = 822,
      eid = {97},
    pages = {97},
      doi = {10.3847/0004-637X/822/2/97},
   adsurl = {http://adsabs.harvard.edu/abs/2016ApJ...822...97H},
  adsnote = {Provided by the SAO/NASA Astrophysics Data System}
}

@ARTICLE{vaneylen2015,
   author = {{Van Eylen}, V. and {Albrecht}, S.},
    title = "{Eccentricity from Transit Photometry: Small Planets in Kepler Multi-planet Systems Have Low Eccentricities}",
  journal = {\apj},
archivePrefix = "arXiv",
   eprint = {1505.02814},
 primaryClass = "astro-ph.EP",
 keywords = {planetary systems, stars: fundamental parameters, stars: oscillations: including pulsations},
     year = 2015,
    month = aug,
   volume = 808,
      eid = {126},
    pages = {126},
      doi = {10.1088/0004-637X/808/2/126},
   adsurl = {http://adsabs.harvard.edu/abs/2015ApJ...808..126V},
  adsnote = {Provided by the SAO/NASA Astrophysics Data System}
}


@ARTICLE{k2_34_1,
   author = {{Hirano}, T. and {Nowak}, G. and {Kuzuhara}, M. and {Palle}, E. and
	{Dai}, F. and {Yu}, L. and {Van Eylen}, V. and {Takeda}, Y. and
	{Brandt}, T.~D. and {Narita}, N. and {Velasco}, S. and {Prieto Arranz}, J. and
	{Sanchis-Ojeda}, R. and {Winn}, J.~N. and {Kudo}, T. and {Kusakabe}, N. and
	{Fukui}, A. and {Sato}, B. and {Albrecht}, S. and {Ribas}, I. and
	{Ryu}, T. and {Tamura}, M.},
    title = "{The K2-ESPRINT Project IV. A Hot Jupiter in a Prograde Orbit with a Possible Stellar Companion}",
  journal = {\apj},
archivePrefix = "arXiv",
   eprint = {1602.00638},
 primaryClass = "astro-ph.EP",
 keywords = {planets and satellites: detection, stars: individual: EPIC 212110888, K2-34, techniques: photometric, techniques: radial velocities, techniques: spectroscopic},
     year = 2016,
    month = jul,
   volume = 825,
      eid = {53},
    pages = {53},
      doi = {10.3847/0004-637X/825/1/53},
   adsurl = {http://adsabs.harvard.edu/abs/2016ApJ...825...53H},
  adsnote = {Provided by the SAO/NASA Astrophysics Data System}
}


@ARTICLE{batman,
   author = {{Kreidberg}, L.},
    title = "{batman: BAsic Transit Model cAlculatioN in Python}",
  journal = {\pasp},
archivePrefix = "arXiv",
   eprint = {1507.08285},
 primaryClass = "astro-ph.EP",
     year = 2015,
    month = nov,
   volume = 127,
    pages = {1161},
      doi = {10.1086/683602},
   adsurl = {http://adsabs.harvard.edu/abs/2015PASP..127.1161K},
  adsnote = {Provided by the SAO/NASA Astrophysics Data System}
}

@ARTICLE{sullivan2017,
   author = {{Sullivan}, P.~W. and {Winn}, J.~N. and {Berta-Thompson}, Z.~K. and
	{Charbonneau}, D. and {Deming}, D. and {Dressing}, C.~D. and
	{Latham}, D.~W. and {Levine}, A.~M. and {McCullough}, P.~R. and
	{Morton}, T. and {Ricker}, G.~R. and {Vanderspek}, R. and {Woods}, D.
	},
    title = "{Erratum: {\ldquo}The Transiting Exoplanet Survey Satellite: Simulations of Planet Detections and Astrophysical False Positives{\rdquo} <A href=``/abs/2015ApJ...809...77S''>(2015, ApJ, 809, 77)</A>}",
  journal = {\apj},
     year = 2017,
    month = mar,
   volume = 837,
      eid = {99},
    pages = {99},
      doi = {10.3847/1538-4357/837/1/99},
   adsurl = {http://adsabs.harvard.edu/abs/2017ApJ...837...99S},
  adsnote = {Provided by the SAO/NASA Astrophysics Data System}
}

@ARTICLE{perryman2014,
   author = {{Perryman}, M. and {Hartman}, J. and {Bakos}, G.~{\'A}. and
	{Lindegren}, L.},
    title = "{Astrometric Exoplanet Detection with Gaia}",
  journal = {\apj},
archivePrefix = "arXiv",
   eprint = {1411.1173},
 primaryClass = "astro-ph.EP",
 keywords = {astrometry, planets and satellites: general, space vehicles: instruments},
     year = 2014,
    month = dec,
   volume = 797,
      eid = {14},
    pages = {14},
      doi = {10.1088/0004-637X/797/1/14},
   adsurl = {http://adsabs.harvard.edu/abs/2014ApJ...797...14P},
  adsnote = {Provided by the SAO/NASA Astrophysics Data System}
}


@ARTICLE{corot2003,
   author = {{Bord{\'e}}, P. and {Rouan}, D. and {L{\'e}ger}, A.},
    title = "{Exoplanet detection capability of the COROT space mission}",
  journal = {\aap},
   eprint = {astro-ph/0305159},
 keywords = {stars: planetary systems, methods: statistical, techniques: photometric},
     year = 2003,
    month = jul,
   volume = 405,
    pages = {1137-1144},
      doi = {10.1051/0004-6361:20030675},
   adsurl = {http://adsabs.harvard.edu/abs/2003A%26A...405.1137B},
  adsnote = {Provided by the SAO/NASA Astrophysics Data System}
}

@ARTICLE{lissauer2012,
   author = {{Lissauer}, J.~J. and {Marcy}, G.~W. and {Rowe}, J.~F. and {Bryson}, S.~T. and
	{Adams}, E. and {Buchhave}, L.~A. and {Ciardi}, D.~R. and {Cochran}, W.~D. and
	{Fabrycky}, D.~C. and {Ford}, E.~B. and {Fressin}, F. and {Geary}, J. and
	{Gilliland}, R.~L. and {Holman}, M.~J. and {Howell}, S.~B. and
	{Jenkins}, J.~M. and {Kinemuchi}, K. and {Koch}, D.~G. and {Morehead}, R.~C. and
	{Ragozzine}, D. and {Seader}, S.~E. and {Tanenbaum}, P.~G. and
	{Torres}, G. and {Twicken}, J.~D.},
    title = "{Almost All of Kepler's Multiple-planet Candidates Are Planets}",
  journal = {\apj},
archivePrefix = "arXiv",
   eprint = {1201.5424},
 primaryClass = "astro-ph.EP",
 keywords = {planetary systems, planets and satellites: detection, techniques: photometric},
     year = 2012,
    month = may,
   volume = 750,
      eid = {112},
    pages = {112},
      doi = {10.1088/0004-637X/750/2/112},
   adsurl = {http://adsabs.harvard.edu/abs/2012ApJ...750..112L},
  adsnote = {Provided by the SAO/NASA Astrophysics Data System}
}


@ARTICLE{borucki2010,
   author = {{Borucki}, W.~J. and {Koch}, D. and {Basri}, G. and {Batalha}, N. and
	{Brown}, T. and {Caldwell}, D. and {Caldwell}, J. and {Christensen-Dalsgaard}, J. and
	{Cochran}, W.~D. and {DeVore}, E. and {Dunham}, E.~W. and {Dupree}, A.~K. and
	{Gautier}, T.~N. and {Geary}, J.~C. and {Gilliland}, R. and
	{Gould}, A. and {Howell}, S.~B. and {Jenkins}, J.~M. and {Kondo}, Y. and
	{Latham}, D.~W. and {Marcy}, G.~W. and {Meibom}, S. and {Kjeldsen}, H. and
	{Lissauer}, J.~J. and {Monet}, D.~G. and {Morrison}, D. and
	{Sasselov}, D. and {Tarter}, J. and {Boss}, A. and {Brownlee}, D. and
	{Owen}, T. and {Buzasi}, D. and {Charbonneau}, D. and {Doyle}, L. and
	{Fortney}, J. and {Ford}, E.~B. and {Holman}, M.~J. and {Seager}, S. and
	{Steffen}, J.~H. and {Welsh}, W.~F. and {Rowe}, J. and {Anderson}, H. and
	{Buchhave}, L. and {Ciardi}, D. and {Walkowicz}, L. and {Sherry}, W. and
	{Horch}, E. and {Isaacson}, H. and {Everett}, M.~E. and {Fischer}, D. and
	{Torres}, G. and {Johnson}, J.~A. and {Endl}, M. and {MacQueen}, P. and
	{Bryson}, S.~T. and {Dotson}, J. and {Haas}, M. and {Kolodziejczak}, J. and
	{Van Cleve}, J. and {Chandrasekaran}, H. and {Twicken}, J.~D. and
	{Quintana}, E.~V. and {Clarke}, B.~D. and {Allen}, C. and {Li}, J. and
	{Wu}, H. and {Tenenbaum}, P. and {Verner}, E. and {Bruhweiler}, F. and
	{Barnes}, J. and {Prsa}, A.},
    title = "{Kepler Planet-Detection Mission: Introduction and First Results}",
  journal = {Science},
     year = 2010,
    month = feb,
   volume = 327,
    pages = {977},
      doi = {10.1126/science.1185402},
   adsurl = {http://adsabs.harvard.edu/abs/2010Sci...327..977B},
  adsnote = {Provided by the SAO/NASA Astrophysics Data System}
}

@ARTICLE{gillon2016,
   author = {{Gillon}, M. and {Jehin}, E. and {Lederer}, S.~M. and {Delrez}, L. and
	{de Wit}, J. and {Burdanov}, A. and {Van Grootel}, V. and {Burgasser}, A.~J. and
	{Triaud}, A.~H.~M.~J. and {Opitom}, C. and {Demory}, B.-O. and
	{Sahu}, D.~K. and {Bardalez Gagliuffi}, D. and {Magain}, P. and
	{Queloz}, D.},
    title = "{Temperate Earth-sized planets transiting a nearby ultracool dwarf star}",
  journal = {\nat},
archivePrefix = "arXiv",
   eprint = {1605.07211},
 primaryClass = "astro-ph.EP",
     year = 2016,
    month = may,
   volume = 533,
    pages = {221-224},
      doi = {10.1038/nature17448},
   adsurl = {http://adsabs.harvard.edu/abs/2016Natur.533..221G},
  adsnote = {Provided by the SAO/NASA Astrophysics Data System}
}

@ARTICLE{fischer2005,
   author = {{Fischer}, D.~A. and {Valenti}, J.},
    title = "{The Planet-Metallicity Correlation}",
  journal = {\apj},
 keywords = {Stars: Planetary Systems, Stars: Abundances, Stars: Fundamental Parameters},
     year = 2005,
    month = apr,
   volume = 622,
    pages = {1102-1117},
      doi = {10.1086/428383},
   adsurl = {http://adsabs.harvard.edu/abs/2005ApJ...622.1102F},
  adsnote = {Provided by the SAO/NASA Astrophysics Data System}
}

@ARTICLE{eigmuller2017,
   author = {{Eigm{\"u}ller}, P. and {Gandolfi}, D. and {Persson}, C.~M. and
	{Donati}, P. and {Fridlund}, M. and {Csizmadia}, S. and {Barrag{\'a}n}, O. and
	{Smith}, A.~M.~S. and {Cabrera}, J. and {Korth}, J. and {Grziwa}, S. and
	{Prieto-Arranz}, J. and {Nespral}, D. and {Saario}, J. and {Cochran}, W.~D. and
	{Cusano}, F. and {Deeg}, H.~J. and {Endl}, M. and {Erikson}, A. and
	{Guenther}, E.~W. and {Hatzes}, A.~P. and {P{\"a}tzold}, M. and
	{Rauer}, H.},
    title = "{K2-60b and K2-107b. A Sub-Jovian and a Jovian Planet from the K2 Mission}",
  journal = {\aj},
archivePrefix = "arXiv",
   eprint = {1611.03704},
 primaryClass = "astro-ph.EP",
 keywords = {planetary systems, planets and satellites: detection, planets and satellites: gaseous planets, planets and satellites: individual: K2-60 b, K2-107 b},
     year = 2017,
    month = mar,
   volume = 153,
      eid = {130},
    pages = {130},
      doi = {10.3847/1538-3881/aa5d0b},
   adsurl = {http://adsabs.harvard.edu/abs/2017AJ....153..130E},
  adsnote = {Provided by the SAO/NASA Astrophysics Data System}
}

@ARTICLE{ford2006,
   author = {{Ford}, E.~B. and {Gaudi}, B.~S.},
    title = "{Observational Constraints on Trojans of Transiting Extrasolar Planets}",
  journal = {\apjl},
   eprint = {astro-ph/0609298},
 keywords = {Celestial Mechanics, Stars: Planetary Systems: Formation, Techniques: Photometric, Techniques: Radial Velocities},
     year = 2006,
    month = dec,
   volume = 652,
    pages = {L137-L140},
      doi = {10.1086/510235},
   adsurl = {http://adsabs.harvard.edu/abs/2006ApJ...652L.137F},
  adsnote = {Provided by the SAO/NASA Astrophysics Data System}
}

@ARTICLE{ford2007,
   author = {{Ford}, E.~B. and {Holman}, M.~J.},
    title = "{Using Transit Timing Observations to Search for Trojans of Transiting Extrasolar Planets}",
  journal = {\apjl},
archivePrefix = "arXiv",
   eprint = {0705.0356},
 keywords = {Celestial Mechanics, Stars: Planetary Systems: Formation, Techniques: Photometric},
     year = 2007,
    month = jul,
   volume = 664,
    pages = {L51-L54},
      doi = {10.1086/520579},
   adsurl = {http://adsabs.harvard.edu/abs/2007ApJ...664L..51F},
  adsnote = {Provided by the SAO/NASA Astrophysics Data System}
}


@ARTICLE{alma2015,
   author = {{ALMA Partnership} and {Brogan}, C.~L. and {P{\'e}rez}, L.~M. and
	{Hunter}, T.~R. and {Dent}, W.~R.~F. and {Hales}, A.~S. and
	{Hills}, R.~E. and {Corder}, S. and {Fomalont}, E.~B. and {Vlahakis}, C. and
	{Asaki}, Y. and {Barkats}, D. and {Hirota}, A. and {Hodge}, J.~A. and
	{Impellizzeri}, C.~M.~V. and {Kneissl}, R. and {Liuzzo}, E. and
	{Lucas}, R. and {Marcelino}, N. and {Matsushita}, S. and {Nakanishi}, K. and
	{Phillips}, N. and {Richards}, A.~M.~S. and {Toledo}, I. and
	{Aladro}, R. and {Broguiere}, D. and {Cortes}, J.~R. and {Cortes}, P.~C. and
	{Espada}, D. and {Galarza}, F. and {Garcia-Appadoo}, D. and
	{Guzman-Ramirez}, L. and {Humphreys}, E.~M. and {Jung}, T. and
	{Kameno}, S. and {Laing}, R.~A. and {Leon}, S. and {Marconi}, G. and
	{Mignano}, A. and {Nikolic}, B. and {Nyman}, L.-A. and {Radiszcz}, M. and
	{Remijan}, A. and {Rod{\'o}n}, J.~A. and {Sawada}, T. and {Takahashi}, S. and
	{Tilanus}, R.~P.~J. and {Vila Vilaro}, B. and {Watson}, L.~C. and
	{Wiklind}, T. and {Akiyama}, E. and {Chapillon}, E. and {de Gregorio-Monsalvo}, I. and
	{Di Francesco}, J. and {Gueth}, F. and {Kawamura}, A. and {Lee}, C.-F. and
	{Nguyen Luong}, Q. and {Mangum}, J. and {Pietu}, V. and {Sanhueza}, P. and
	{Saigo}, K. and {Takakuwa}, S. and {Ubach}, C. and {van Kempen}, T. and
	{Wootten}, A. and {Castro-Carrizo}, A. and {Francke}, H. and
	{Gallardo}, J. and {Garcia}, J. and {Gonzalez}, S. and {Hill}, T. and
	{Kaminski}, T. and {Kurono}, Y. and {Liu}, H.-Y. and {Lopez}, C. and
	{Morales}, F. and {Plarre}, K. and {Schieven}, G. and {Testi}, L. and
	{Videla}, L. and {Villard}, E. and {Andreani}, P. and {Hibbard}, J.~E. and
	{Tatematsu}, K.},
    title = "{The 2014 ALMA Long Baseline Campaign: First Results from High Angular Resolution Observations toward the HL Tau Region}",
  journal = {\apjl},
archivePrefix = "arXiv",
   eprint = {1503.02649},
 primaryClass = "astro-ph.SR",
 keywords = {protoplanetary disks, stars: formation, stars: individual: HL Tau, XZ Tau, LkH{$\alpha$}358, submillimeter: planetary systems, techniques: interferometric},
     year = 2015,
    month = jul,
   volume = 808,
      eid = {L3},
    pages = {L3},
      doi = {10.1088/2041-8205/808/1/L3},
   adsurl = {http://adsabs.harvard.edu/abs/2015ApJ...808L...3A},
  adsnote = {Provided by the SAO/NASA Astrophysics Data System}
}

@ARTICLE{petigura2017,
   author = {{Petigura}, E.~A. and {Howard}, A.~W. and {Marcy}, G.~W. and
	{Johnson}, J.~A. and {Isaacson}, H. and {Cargile}, P.~A. and
	{Hebb}, L. and {Fulton}, B.~J. and {Weiss}, L.~M. and {Morton}, T.~D. and
	{Winn}, J.~N. and {Rogers}, L.~A. and {Sinukoff}, E. and {Hirsch}, L.~A. and
	{Crossfield}, I.~J.~M.},
    title = "{The California-Kepler Survey. I. High-resolution Spectroscopy of 1305 Stars Hosting Kepler Transiting Planets}",
  journal = {\aj},
archivePrefix = "arXiv",
   eprint = {1703.10400},
 primaryClass = "astro-ph.EP",
 keywords = {binaries: spectroscopic, catalogs, stars: abundances, stars: fundamental parameters},
     year = 2017,
    month = sep,
   volume = 154,
      eid = {107},
    pages = {107},
      doi = {10.3847/1538-3881/aa80de},
   adsurl = {http://adsabs.harvard.edu/abs/2017AJ....154..107P},
  adsnote = {Provided by the SAO/NASA Astrophysics Data System}
}

@ARTICLE{cowan2015,
   author = {{Cowan}, N.~B. and {Greene}, T. and {Angerhausen}, D. and {Batalha}, N.~E. and
	{Clampin}, M. and {Col{\'o}n}, K. and {Crossfield}, I.~J.~M. and
	{Fortney}, J.~J. and {Gaudi}, B.~S. and {Harrington}, J. and
	{Iro}, N. and {Lillie}, C.~F. and {Linsky}, J.~L. and {Lopez-Morales}, M. and
	{Mandell}, A.~M. and {Stevenson}, K.~B.},
    title = "{Characterizing Transiting Planet Atmospheres through 2025}",
  journal = {\pasp},
archivePrefix = "arXiv",
   eprint = {1502.00004},
 primaryClass = "astro-ph.EP",
     year = 2015,
    month = mar,
   volume = 127,
    pages = {311},
      doi = {10.1086/680855},
   adsurl = {http://adsabs.harvard.edu/abs/2015PASP..127..311C},
  adsnote = {Provided by the SAO/NASA Astrophysics Data System}
}

@ARTICLE{kovacs2002,
   author = {{Kov{\'a}cs}, G. and {Zucker}, S. and {Mazeh}, T.},
    title = "{A box-fitting algorithm in the search for periodic transits}",
  journal = {\aap},
   eprint = {astro-ph/0206099},
 keywords = {methods: data analysis, stars: variables: general, stars: planetary systems, occultations},
     year = 2002,
    month = aug,
   volume = 391,
    pages = {369-377},
      doi = {10.1051/0004-6361:20020802},
   adsurl = {http://adsabs.harvard.edu/abs/2002A%26A...391..369K},
  adsnote = {Provided by the SAO/NASA Astrophysics Data System}
}

@ARTICLE{soter2006,
   author = {{Soter}, S.},
    title = "{What Is a Planet?}",
  journal = {\aj},
   eprint = {astro-ph/0608359},
 keywords = {Accretion, Accretion Disks, Solar System: Formation, Solar System: General},
     year = 2006,
    month = dec,
   volume = 132,
    pages = {2513-2519},
      doi = {10.1086/508861},
   adsurl = {http://adsabs.harvard.edu/abs/2006AJ....132.2513S},
  adsnote = {Provided by the SAO/NASA Astrophysics Data System}
}

@INPROCEEDINGS{cheops,
   author = {{Broeg}, C. and {Fortier}, A. and {Ehrenreich}, D. and {Alibert}, Y. and
	{Baumjohann}, W. and {Benz}, W. and {Deleuil}, M. and {Gillon}, M. and
	{Ivanov}, A. and {Liseau}, R. and {Meyer}, M. and {Oloffson}, G. and
	{Pagano}, I. and {Piotto}, G. and {Pollacco}, D. and {Queloz}, D. and
	{Ragazzoni}, R. and {Renotte}, E. and {Steller}, M. and {Thomas}, N.
	},
    title = "{CHEOPS: A transit photometry mission for ESA's small mission programme}",
booktitle = {European Physical Journal Web of Conferences},
     year = 2013,
   series = {European Physical Journal Web of Conferences},
   volume = 47,
archivePrefix = "arXiv",
   eprint = {1305.2270},
 primaryClass = "astro-ph.EP",
    month = apr,
      eid = {03005},
    pages = {03005},
      doi = {10.1051/epjconf/20134703005},
   adsurl = {http://adsabs.harvard.edu/abs/2013EPJWC..4703005B},
  adsnote = {Provided by the SAO/NASA Astrophysics Data System}
}


@ARTICLE{delorme2017,
   author = {{Delorme}, P. and {Dupuy}, T. and {Gagn{\'e}}, J. and {Reyl{\'e}}, C. and
	{Forveille}, T. and {Liu}, M.~C. and {Artigau}, E. and {Albert}, L. and
	{Delfosse}, X. and {Allard}, F. and {Homeier}, D. and {Malo}, L. and
	{Morley}, C. and {Naud}, M.~E. and {Bonnefoy}, M.},
    title = "{CFBDSIR 2149-0403: young isolated planetary-mass object or high-metallicity low-mass brown dwarf?}",
  journal = {\aap},
archivePrefix = "arXiv",
   eprint = {1703.00843},
 primaryClass = "astro-ph.SR",
 keywords = {brown dwarfs, planets and satellites: gaseous planets, stars: atmospheres, methods: observational, techniques: spectroscopic},
     year = 2017,
    month = jun,
   volume = 602,
      eid = {A82},
    pages = {A82},
      doi = {10.1051/0004-6361/201629633},
   adsurl = {http://adsabs.harvard.edu/abs/2017A%26A...602A..82D},
  adsnote = {Provided by the SAO/NASA Astrophysics Data System}
}

@ARTICLE{morton2016,
   author = {{Morton}, T.~D. and {Bryson}, S.~T. and {Coughlin}, J.~L. and
	{Rowe}, J.~F. and {Ravichandran}, G. and {Petigura}, E.~A. and
	{Haas}, M.~R. and {Batalha}, N.~M.},
    title = "{False Positive Probabilities for all Kepler Objects of Interest: 1284 Newly Validated Planets and 428 Likely False Positives}",
  journal = {\apj},
archivePrefix = "arXiv",
   eprint = {1605.02825},
 primaryClass = "astro-ph.EP",
 keywords = {methods: statistical, planetary systems},
     year = 2016,
    month = may,
   volume = 822,
      eid = {86},
    pages = {86},
      doi = {10.3847/0004-637X/822/2/86},
   adsurl = {http://adsabs.harvard.edu/abs/2016ApJ...822...86M},
  adsnote = {Provided by the SAO/NASA Astrophysics Data System}
}

@ARTICLE{fulton2017,
   author = {{Fulton}, B.~J. and {Petigura}, E.~A. and {Howard}, A.~W. and
	{Isaacson}, H. and {Marcy}, G.~W. and {Cargile}, P.~A. and {Hebb}, L. and
	{Weiss}, L.~M. and {Johnson}, J.~A. and {Morton}, T.~D. and
	{Sinukoff}, E. and {Crossfield}, I.~J.~M. and {Hirsch}, L.~A.
	},
    title = "{The California-Kepler Survey. III. A Gap in the Radius Distribution of Small Planets}",
  journal = {\aj},
archivePrefix = "arXiv",
   eprint = {1703.10375},
 primaryClass = "astro-ph.EP",
 keywords = {planetary systems},
     year = 2017,
    month = sep,
   volume = 154,
      eid = {109},
    pages = {109},
      doi = {10.3847/1538-3881/aa80eb},
   adsurl = {http://adsabs.harvard.edu/abs/2017AJ....154..109F},
  adsnote = {Provided by the SAO/NASA Astrophysics Data System}
}

@ARTICLE{janson2013,
   author = {{Janson}, M.},
    title = "{A Systematic Search for Trojan Planets in the Kepler Data}",
  journal = {\apj},
archivePrefix = "arXiv",
   eprint = {1307.7161},
 primaryClass = "astro-ph.EP",
 keywords = {planetary systems, stars: late-type, techniques: photometric },
     year = 2013,
    month = sep,
   volume = 774,
      eid = {156},
    pages = {156},
      doi = {10.1088/0004-637X/774/2/156},
   adsurl = {http://adsabs.harvard.edu/abs/2013ApJ...774..156J},
  adsnote = {Provided by the SAO/NASA Astrophysics Data System}
}


@ARTICLE{placek2016,
   author = {{Placek}, B. and {Knuth}, K.~H. and {Angerhausen}, D.},
    title = "{Combining Photometry from Kepler and TESS to Improve Short-period Exoplanet Characterization}",
  journal = {\pasp},
archivePrefix = "arXiv",
   eprint = {1511.01082},
 primaryClass = "astro-ph.IM",
     year = 2016,
    month = jul,
   volume = 128,
   number = 7,
    pages = {074503},
      doi = {10.1088/1538-3873/128/965/074503},
   adsurl = {http://adsabs.harvard.edu/abs/2016PASP..128g4503P},
  adsnote = {Provided by the SAO/NASA Astrophysics Data System}
}



@ARTICLE{vanderburg2016,
   author = {{Vanderburg}, A. and {Latham}, D.~W. and {Buchhave}, L.~A. and
	{Bieryla}, A. and {Berlind}, P. and {Calkins}, M.~L. and {Esquerdo}, G.~A. and
	{Welsh}, S. and {Johnson}, J.~A.},
    title = "{Planetary Candidates from the First Year of the K2 Mission}",
  journal = {\apjs},
archivePrefix = "arXiv",
   eprint = {1511.07820},
 primaryClass = "astro-ph.EP",
 keywords = {methods: data analysis, planets and satellites: detection, techniques: photometric},
     year = 2016,
    month = jan,
   volume = 222,
      eid = {14},
    pages = {14},
      doi = {10.3847/0067-0049/222/1/14},
   adsurl = {http://adsabs.harvard.edu/abs/2016ApJS..222...14V},
  adsnote = {Provided by the SAO/NASA Astrophysics Data System}
}


@ARTICLE{sahlmann2013,
   author = {{Sahlmann}, J. and {Lazorenko}, P.~F. and {S{\'e}gransan}, D. and
	{Mart{\'{\i}}n}, E.~L. and {Queloz}, D. and {Mayor}, M. and
	{Udry}, S.},
    title = "{Astrometric orbit of a low-mass companion to an ultracool dwarf}",
  journal = {\aap},
archivePrefix = "arXiv",
   eprint = {1306.3225},
 primaryClass = "astro-ph.SR",
 keywords = {stars: low-mass, binaries: close, brown dwarfs, planetary systems, astrometry, parallaxes},
     year = 2013,
    month = aug,
   volume = 556,
      eid = {A133},
    pages = {A133},
      doi = {10.1051/0004-6361/201321871},
   adsurl = {http://adsabs.harvard.edu/abs/2013A%26A...556A.133S},
  adsnote = {Provided by the SAO/NASA Astrophysics Data System}
}


@ARTICLE{vida2017,
   author = {{Vida}, K. and {K{\H o}v{\'a}ri}, Z. and {P{\'a}l}, A. and {Ol{\'a}h}, K. and
	{Kriskovics}, L.},
    title = "{Frequent Flaring in the TRAPPIST-1 System{\mdash}Unsuited for Life?}",
  journal = {\apj},
archivePrefix = "arXiv",
   eprint = {1703.10130},
 primaryClass = "astro-ph.SR",
 keywords = {stars: activity, stars: chromospheres, stars: flare, stars: late-type, stars: low-mass, techniques: photometric },
     year = 2017,
    month = jun,
   volume = 841,
      eid = {124},
    pages = {124},
      doi = {10.3847/1538-4357/aa6f05},
   adsurl = {http://adsabs.harvard.edu/abs/2017ApJ...841..124V},
  adsnote = {Provided by the SAO/NASA Astrophysics Data System}
}


@ARTICLE{fressin2013,
   author = {{Fressin}, F. and {Torres}, G. and {Charbonneau}, D. and {Bryson}, S.~T. and
	{Christiansen}, J. and {Dressing}, C.~D. and {Jenkins}, J.~M. and
	{Walkowicz}, L.~M. and {Batalha}, N.~M.},
    title = "{The False Positive Rate of Kepler and the Occurrence of Planets}",
  journal = {\apj},
archivePrefix = "arXiv",
   eprint = {1301.0842},
 primaryClass = "astro-ph.EP",
 keywords = {binaries: eclipsing, methods: data analysis, methods: statistical, planetary systems },
     year = 2013,
    month = apr,
   volume = 766,
      eid = {81},
    pages = {81},
      doi = {10.1088/0004-637X/766/2/81},
   adsurl = {http://adsabs.harvard.edu/abs/2013ApJ...766...81F},
  adsnote = {Provided by the SAO/NASA Astrophysics Data System}
}

@ARTICLE{crossfield2016,
   author = {{Crossfield}, I.~J.~M. and {Ciardi}, D.~R. and {Petigura}, E.~A. and
	{Sinukoff}, E. and {Schlieder}, J.~E. and {Howard}, A.~W. and
	{Beichman}, C.~A. and {Isaacson}, H. and {Dressing}, C.~D. and
	{Christiansen}, J.~L. and {Fulton}, B.~J. and {L{\'e}pine}, S. and
	{Weiss}, L. and {Hirsch}, L. and {Livingston}, J. and {Baranec}, C. and
	{Law}, N.~M. and {Riddle}, R. and {Ziegler}, C. and {Howell}, S.~B. and
	{Horch}, E. and {Everett}, M. and {Teske}, J. and {Martinez}, A.~O. and
	{Obermeier}, C. and {Benneke}, B. and {Scott}, N. and {Deacon}, N. and
	{Aller}, K.~M. and {Hansen}, B.~M.~S. and {Mancini}, L. and
	{Ciceri}, S. and {Brahm}, R. and {Jord{\'a}n}, A. and {Knutson}, H.~A. and
	{Henning}, T. and {Bonnefoy}, M. and {Liu}, M.~C. and {Crepp}, J.~R. and
	{Lothringer}, J. and {Hinz}, P. and {Bailey}, V. and {Skemer}, A. and
	{Defrere}, D.},
    title = "{197 Candidates and 104 Validated Planets in K2{\rsquo}s First Five Fields}",
  journal = {\apjs},
archivePrefix = "arXiv",
   eprint = {1607.05263},
 primaryClass = "astro-ph.EP",
 keywords = {catalogs, planets and satellites: fundamental parameters, planets and satellites: general, techniques: high angular resolution, techniques: photometric, techniques: spectroscopic},
     year = 2016,
    month = sep,
   volume = 226,
      eid = {7},
    pages = {7},
      doi = {10.3847/0067-0049/226/1/7},
   adsurl = {http://adsabs.harvard.edu/abs/2016ApJS..226....7C},
  adsnote = {Provided by the SAO/NASA Astrophysics Data System}
}


@ARTICLE{ricker2015,
   author = {{Ricker}, G.~R. and {Winn}, J.~N. and {Vanderspek}, R. and {Latham}, D.~W. and
	{Bakos}, G.~{\'A}. and {Bean}, J.~L. and {Berta-Thompson}, Z.~K. and
	{Brown}, T.~M. and {Buchhave}, L. and {Butler}, N.~R. and {Butler}, R.~P. and
	{Chaplin}, W.~J. and {Charbonneau}, D. and {Christensen-Dalsgaard}, J. and
	{Clampin}, M. and {Deming}, D. and {Doty}, J. and {De Lee}, N. and
	{Dressing}, C. and {Dunham}, E.~W. and {Endl}, M. and {Fressin}, F. and
	{Ge}, J. and {Henning}, T. and {Holman}, M.~J. and {Howard}, A.~W. and
	{Ida}, S. and {Jenkins}, J.~M. and {Jernigan}, G. and {Johnson}, J.~A. and
	{Kaltenegger}, L. and {Kawai}, N. and {Kjeldsen}, H. and {Laughlin}, G. and
	{Levine}, A.~M. and {Lin}, D. and {Lissauer}, J.~J. and {MacQueen}, P. and
	{Marcy}, G. and {McCullough}, P.~R. and {Morton}, T.~D. and
	{Narita}, N. and {Paegert}, M. and {Palle}, E. and {Pepe}, F. and
	{Pepper}, J. and {Quirrenbach}, A. and {Rinehart}, S.~A. and
	{Sasselov}, D. and {Sato}, B. and {Seager}, S. and {Sozzetti}, A. and
	{Stassun}, K.~G. and {Sullivan}, P. and {Szentgyorgyi}, A. and
	{Torres}, G. and {Udry}, S. and {Villasenor}, J.},
    title = "{Transiting Exoplanet Survey Satellite (TESS)}",
  journal = {Journal of Astronomical Telescopes, Instruments, and Systems},
     year = 2015,
    month = jan,
   volume = 1,
   number = 1,
      eid = {014003},
    pages = {014003},
      doi = {10.1117/1.JATIS.1.1.014003},
   adsurl = {http://adsabs.harvard.edu/abs/2015JATIS...1a4003R},
  adsnote = {Provided by the SAO/NASA Astrophysics Data System}
}

@ARTICLE{Teske2018,
   author = {{Teske}, J.~K. and {Wang}, S. and {Wolfgang}, A. and {Dai}, F. and
	{Shectman}, S.~A. and {Butler}, R.~P. and {Crane}, J.~D. and
	{Thompson}, I.~B.},
    title = "{Magellan/PFS Radial Velocities of GJ 9827, a Late K dwarf at 30 pc with Three Transiting Super-Earths}",
  journal = {\aj},
archivePrefix = "arXiv",
   eprint = {1711.01359},
 primaryClass = "astro-ph.EP",
 keywords = {planetary systems, planets and satellites: fundamental parameters, stars: individual: GJ 9827, HIP 115752 },
     year = 2018,
    month = apr,
   volume = 155,
      eid = {148},
    pages = {148},
      doi = {10.3847/1538-3881/aaab56},
   adsurl = {http://adsabs.harvard.edu/abs/2018AJ....155..148T},
  adsnote = {Provided by the SAO/NASA Astrophysics Data System}
}

@ARTICLE{malavolta2018,
   author = {{Malavolta}, L. and {Mayo}, A.~W. and {Louden}, T. and {Rajpaul}, V.~M. and
	{Bonomo}, A.~S. and {Buchhave}, L.~A. and {Kreidberg}, L. and
	{Kristiansen}, M.~H. and {Lopez-Morales}, M. and {Mortier}, A. and
	{Vanderburg}, A. and {Coffinet}, A. and {Ehrenreich}, D. and
	{Lovis}, C. and {Bouchy}, F. and {Charbonneau}, D. and {Ciardi}, D.~R. and
	{Collier Cameron}, A. and {Cosentino}, R. and {Crossfield}, I.~J.~M. and
	{Damasso}, M. and {Dressing}, C.~D. and {Dumusque}, X. and {Everett}, M.~E. and
	{Figueira}, P. and {Fiorenzano}, A.~F.~M. and {Gonzales}, E.~J. and
	{Haywood}, R.~D. and {Harutyunyan}, A. and {Hirsch}, L. and
	{Howell}, S.~B. and {Johnson}, J.~A. and {Latham}, D.~W. and
	{Lopez}, E. and {Mayor}, M. and {Micela}, G. and {Molinari}, E. and
	{Nascimbeni}, V. and {Pepe}, F. and {Phillips}, D.~F. and {Piotto}, G. and
	{Rice}, K. and {Sasselov}, D. and {S{\'e}gransan}, D. and {Sozzetti}, A. and
	{Udry}, S. and {Watson}, C.},
    title = "{An Ultra-short Period Rocky Super-Earth with a Secondary Eclipse and a Neptune-like Companion around K2-141}",
  journal = {\aj},
archivePrefix = "arXiv",
   eprint = {1801.03502},
 primaryClass = "astro-ph.EP",
 keywords = {planetary systems, planets and satellites: composition, planets and satellites: individual: K2-141b, K2-141c, planets and satellites: interiors, stars: individual: K2-141, techniques: photometric, techniques: radial velocities },
     year = 2018,
    month = mar,
   volume = 155,
      eid = {107},
    pages = {107},
      doi = {10.3847/1538-3881/aaa5b5},
   adsurl = {http://adsabs.harvard.edu/abs/2018AJ....155..107M},
  adsnote = {Provided by the SAO/NASA Astrophysics Data System}
}

@ARTICLE{pal2008,
   author = {{P{\'a}l}, A. and {Bakos}, G.~{\'A}. and {Torres}, G. and {Noyes}, R.~W. and
	{Latham}, D.~W. and {Kov{\'a}cs}, G. and {Marcy}, G.~W. and
	{Fischer}, D.~A. and {Butler}, R.~P. and {Sasselov}, D.~D. and
	{Sip{\H o}cz}, B. and {Esquerdo}, G.~A. and {Kov{\'a}cs}, G. and
	{Stefanik}, R. and {L{\'a}z{\'a}r}, J. and {Papp}, I. and {S{\'a}ri}, P.
	},
    title = "{HAT-P-7b: An Extremely Hot Massive Planet Transiting a Bright Star in the Kepler Field}",
  journal = {\apj},
archivePrefix = "arXiv",
   eprint = {0803.0746},
 keywords = {planetary systems, stars: individual: GSC 03547{\ndash}01402 HAT-P-7, techniques: spectroscopic},
     year = 2008,
    month = jun,
   volume = 680,
      eid = {1450-1456},
    pages = {1450-1456},
      doi = {10.1086/588010},
   adsurl = {http://adsabs.harvard.edu/abs/2008ApJ...680.1450P},
  adsnote = {Provided by the SAO/NASA Astrophysics Data System}
}

@ARTICLE{borucki2009,
   author = {{Borucki}, W.~J. and {Koch}, D. and {Jenkins}, J. and {Sasselov}, D. and
	{Gilliland}, R. and {Batalha}, N. and {Latham}, D.~W. and {Caldwell}, D. and
	{Basri}, G. and {Brown}, T. and {Christensen-Dalsgaard}, J. and
	{Cochran}, W.~D. and {DeVore}, E. and {Dunham}, E. and {Dupree}, A.~K. and
	{Gautier}, T. and {Geary}, J. and {Gould}, A. and {Howell}, S. and
	{Kjeldsen}, H. and {Lissauer}, J. and {Marcy}, G. and {Meibom}, S. and
	{Morrison}, D. and {Tarter}, J.},
    title = "{Kepler{\rsquo}s Optical Phase Curve of the Exoplanet HAT-P-7b}",
  journal = {Science},
     year = 2009,
    month = aug,
   volume = 325,
    pages = {709},
      doi = {10.1126/science.1178312},
   adsurl = {http://adsabs.harvard.edu/abs/2009Sci...325..709B},
  adsnote = {Provided by the SAO/NASA Astrophysics Data System}
}

@ARTICLE{eigenlightcurve,
   author = {{Foreman-Mackey}, D. and {Montet}, B.~T. and {Hogg}, D.~W. and
	{Morton}, T.~D. and {Wang}, D. and {Sch{\"o}lkopf}, B.},
    title = "{A Systematic Search for Transiting Planets in the K2 Data}",
  journal = {\apj},
archivePrefix = "arXiv",
   eprint = {1502.04715},
 primaryClass = "astro-ph.EP",
 keywords = {catalogs, methods: data analysis, methods: statistical, planetary systems, stars: statistics},
     year = 2015,
    month = jun,
   volume = 806,
      eid = {215},
    pages = {215},
      doi = {10.1088/0004-637X/806/2/215},
   adsurl = {http://adsabs.harvard.edu/abs/2015ApJ...806..215F},
  adsnote = {Provided by the SAO/NASA Astrophysics Data System}
}

@ARTICLE{yu2018,
   author = {{Yu}, L. and {Rodriguez}, J.~E. and {Crossfield}, I.~J.~M. and
	{Eastman}, J.~D. and {Shporer}, A. and {Gaudi}, B.~S. and {Burt}, J. and
	{Fulton}, B.~J. and {Sinukoff}, E. and {Howard}, A.~W. and {Isaacson}, H. and
	{Kosiarek}, M.~R. and {Ciardi}, D.~R. and {Schlieder}, J.~E. and
	{Penev}, K. and {Vanderburg}, A. and {Stassun}, K.~G. and {Bieryla}, A. and
	{Butler}, R.~P. and {Berlind}, P. and {Calkins}, M.~L. and {Esquerdo}, G.~A. and
	{Latham}, D.~W. and {Murawski}, G. and {Stevens}, D.~J. and
	{Petigura}, E.~A. and {Kreidberg}, L. and {Bristow}, M.},
    title = "{Two warm, low-density sub-Jovian planets orbiting bright stars in K2 campaigns 13 and 14}",
  journal = {ArXiv e-prints},
archivePrefix = "arXiv",
   eprint = {1803.02858},
 primaryClass = "astro-ph.EP",
 keywords = {Astrophysics - Earth and Planetary Astrophysics},
     year = 2018,
    month = mar,
   adsurl = {http://adsabs.harvard.edu/abs/2018arXiv180302858Y},
  adsnote = {Provided by the SAO/NASA Astrophysics Data System}
}

@ARTICLE{luger2016,
   author = {{Luger}, R. and {Agol}, E. and {Kruse}, E. and {Barnes}, R. and
	{Becker}, A. and {Foreman-Mackey}, D. and {Deming}, D.},
    title = "{EVEREST: Pixel Level Decorrelation of K2 Light Curves}",
  journal = {\aj},
archivePrefix = "arXiv",
   eprint = {1607.00524},
 primaryClass = "astro-ph.EP",
 keywords = {catalogs, planets and satellites: detection, techniques: photometric},
     year = 2016,
    month = oct,
   volume = 152,
      eid = {100},
    pages = {100},
      doi = {10.3847/0004-6256/152/4/100},
   adsurl = {http://adsabs.harvard.edu/abs/2016AJ....152..100L},
  adsnote = {Provided by the SAO/NASA Astrophysics Data System}
}

@ARTICLE{luger2017,
   author = {{Luger}, R. and {Sestovic}, M. and {Kruse}, E. and {Grimm}, S.~L. and
	{Demory}, B.-O. and {Agol}, E. and {Bolmont}, E. and {Fabrycky}, D. and
	{Fernandes}, C.~S. and {Van Grootel}, V. and {Burgasser}, A. and
	{Gillon}, M. and {Ingalls}, J.~G. and {Jehin}, E. and {Raymond}, S.~N. and
	{Selsis}, F. and {Triaud}, A.~H.~M.~J. and {Barclay}, T. and
	{Barentsen}, G. and {Howell}, S.~B. and {Delrez}, L. and {de Wit}, J. and
	{Foreman-Mackey}, D. and {Holdsworth}, D.~L. and {Leconte}, J. and
	{Lederer}, S. and {Turbet}, M. and {Almleaky}, Y. and {Benkhaldoun}, Z. and
	{Magain}, P. and {Morris}, B.~M. and {Heng}, K. and {Queloz}, D.
	},
    title = "{A seven-planet resonant chain in TRAPPIST-1}",
  journal = {Nature Astronomy},
archivePrefix = "arXiv",
   eprint = {1703.04166},
 primaryClass = "astro-ph.EP",
     year = 2017,
    month = jun,
   volume = 1,
      eid = {0129},
    pages = {0129},
      doi = {10.1038/s41550-017-0129},
   adsurl = {http://adsabs.harvard.edu/abs/2017NatAs...1E.129L},
  adsnote = {Provided by the SAO/NASA Astrophysics Data System}
}



@article{struve1952,
   author = {{Struve}, O.},
    title = "{Proposal for a project of high-precision stellar radial velocity work}",
  journal = {The Observatory},
     year = 1952,
    month = oct,
   volume = 72,
    pages = {199-200},
   adsurl = {http://adsabs.harvard.edu/abs/1952Obs....72..199S},
  adsnote = {Provided by the SAO/NASA Astrophysics Data System}
}

@ARTICLE{cuntz2016,
   author = {{Cuntz}, M. and {Guinan}, E.~F.},
    title = "{About Exobiology: The Case for Dwarf K Stars}",
  journal = {\apj},
archivePrefix = "arXiv",
   eprint = {1606.09580},
 primaryClass = "astro-ph.SR",
 keywords = {astrobiology, planets and satellites: terrestrial planets, stars: activity, stars: late-type, stars: luminosity function, mass function},
     year = 2016,
    month = aug,
   volume = 827,
      eid = {79},
    pages = {79},
      doi = {10.3847/0004-637X/827/1/79},
   adsurl = {http://adsabs.harvard.edu/abs/2016ApJ...827...79C},
  adsnote = {Provided by the SAO/NASA Astrophysics Data System}
}

@article{knutson2007,
	Adsnote = {Provided by the SAO/NASA Astrophysics Data System},
	Adsurl = {http://adsabs.harvard.edu/abs/2007Natur.447..183K},
	Archiveprefix = {arXiv},
	Author = {{Knutson}, H.~A. and {Charbonneau}, D. and {Allen}, L.~E. and {Fortney}, J.~J. and {Agol}, E. and {Cowan}, N.~B. and {Showman}, A.~P. and {Cooper}, C.~S. and {Megeath}, S.~T.},
	Date-Added = {2015-04-10 04:14:24 +0000},
	Date-Modified = {2015-04-10 04:14:33 +0000},
	Doi = {10.1038/nature05782},
	Eprint = {0705.0993},
	Journal = {\nat},
	Month = may,
	Pages = {183-186},
	Title = {{A map of the day-night contrast of the extrasolar planet HD 189733b}},
	Volume = 447,
	Year = 2007,
	Bdsk-Url-1 = {http://dx.doi.org/10.1038/nature05782}}

  @ARTICLE{beichman2014,
     author = {{Beichman}, C. and {Benneke}, B. and {Knutson}, H. and {Smith}, R. and
  	{Lagage}, P.-O. and {Dressing}, C. and {Latham}, D. and {Lunine}, J. and
  	{Birkmann}, S. and {Ferruit}, P. and {Giardino}, G. and {Kempton}, E. and
  	{Carey}, S. and {Krick}, J. and {Deroo}, P.~D. and {Mandell}, A. and
  	{Ressler}, M.~E. and {Shporer}, A. and {Swain}, M. and {Vasisht}, G. and
  	{Ricker}, G. and {Bouwman}, J. and {Crossfield}, I. and {Greene}, T. and
  	{Howell}, S. and {Christiansen}, J. and {Ciardi}, D. and {Clampin}, M. and
  	{Greenhouse}, M. and {Sozzetti}, A. and {Goudfrooij}, P. and
  	{Hines}, D. and {Keyes}, T. and {Lee}, J. and {McCullough}, P. and
  	{Robberto}, M. and {Stansberry}, J. and {Valenti}, J. and {Rieke}, M. and
  	{Rieke}, G. and {Fortney}, J. and {Bean}, J. and {Kreidberg}, L. and
  	{Ehrenreich}, D. and {Deming}, D. and {Albert}, L. and {Doyon}, R. and
  	{Sing}, D.},
      title = "{Observations of Transiting Exoplanets with the James Webb Space Telescope (JWST)}",
    journal = {\pasp},
       year = 2014,
      month = dec,
     volume = 126,
      pages = {1134},
        doi = {10.1086/679566},
     adsurl = {http://adsabs.harvard.edu/abs/2014PASP..126.1134B},
    adsnote = {Provided by the SAO/NASA Astrophysics Data System}
  }

  @ARTICLE{agol2005,
     author = {{Agol}, E. and {Steffen}, J. and {Sari}, R. and {Clarkson}, W.
  	},
      title = "{On detecting terrestrial planets with timing of giant planet transits}",
    journal = {\mnras},
     eprint = {astro-ph/0412032},
   keywords = {eclipses, planetary systems, extrasolar planets, transiting planets, planetary dynamics},
       year = 2005,
      month = may,
     volume = 359,
      pages = {567-579},
        doi = {10.1111/j.1365-2966.2005.08922.x},
     adsurl = {http://adsabs.harvard.edu/abs/2005MNRAS.359..567A},
    adsnote = {Provided by the SAO/NASA Astrophysics Data System}
  }

  @ARTICLE{fabrycky2014,
     author = {{Fabrycky}, D.~C. and {Lissauer}, J.~J. and {Ragozzine}, D. and
  	{Rowe}, J.~F. and {Steffen}, J.~H. and {Agol}, E. and {Barclay}, T. and
  	{Batalha}, N. and {Borucki}, W. and {Ciardi}, D.~R. and {Ford}, E.~B. and
  	{Gautier}, T.~N. and {Geary}, J.~C. and {Holman}, M.~J. and
  	{Jenkins}, J.~M. and {Li}, J. and {Morehead}, R.~C. and {Morris}, R.~L. and
  	{Shporer}, A. and {Smith}, J.~C. and {Still}, M. and {Van Cleve}, J.
  	},
      title = "{Architecture of Kepler's Multi-transiting Systems. II. New Investigations with Twice as Many Candidates}",
    journal = {\apj},
  archivePrefix = "arXiv",
     eprint = {1202.6328},
   primaryClass = "astro-ph.EP",
   keywords = {methods: statistical, planetary systems, planets and satellites: detection, planets and satellites: dynamical evolution and stability },
       year = 2014,
      month = aug,
     volume = 790,
        eid = {146},
      pages = {146},
        doi = {10.1088/0004-637X/790/2/146},
     adsurl = {http://adsabs.harvard.edu/abs/2014ApJ...790..146F},
    adsnote = {Provided by the SAO/NASA Astrophysics Data System}
  }

  @ARTICLE{mustill2011,
     author = {{Mustill}, A.~J. and {Wyatt}, M.~C.},
      title = "{A general model of resonance capture in planetary systems: first- and second-order resonances}",
    journal = {\mnras},
  archivePrefix = "arXiv",
     eprint = {1012.3079},
   primaryClass = "astro-ph.EP",
   keywords = {celestial mechanics, planets and satellites: dynamical evolution and stability, planet, disc interactions, protoplanetary discs, zodiacal dust},
       year = 2011,
      month = may,
     volume = 413,
      pages = {554-572},
        doi = {10.1111/j.1365-2966.2011.18201.x},
     adsurl = {http://adsabs.harvard.edu/abs/2011MNRAS.413..554M},
    adsnote = {Provided by the SAO/NASA Astrophysics Data System}
  }

  @ARTICLE{xu2017,
     author = {{Xu}, W. and {Lai}, D.},
      title = "{Migration of planets into and out of mean motion resonances in protoplanetary discs: analytical theory of second-order resonances}",
    journal = {\mnras},
   keywords = {methods: analytical, celestial mechanics, planets and satellites: dynamical evolution and stability},
       year = 2017,
      month = jul,
     volume = 468,
      pages = {3223-3238},
        doi = {10.1093/mnras/stx668},
     adsurl = {http://adsabs.harvard.edu/abs/2017MNRAS.468.3223X},
    adsnote = {Provided by the SAO/NASA Astrophysics Data System}
  }


  @ARTICLE{steffen2015,
     author = {{Steffen}, J.~H. and {Hwang}, J.~A.},
      title = "{The period ratio distribution of Kepler's candidate multiplanet systems}",
    journal = {\mnras},
  archivePrefix = "arXiv",
     eprint = {1409.3320},
   primaryClass = "astro-ph.EP",
   keywords = {methods: data analysis, methods: statistical, planets and satellites: dynamical evolution and stability, planets and satellites: formation},
       year = 2015,
      month = apr,
     volume = 448,
      pages = {1956-1972},
        doi = {10.1093/mnras/stv104},
     adsurl = {http://adsabs.harvard.edu/abs/2015MNRAS.448.1956S},
    adsnote = {Provided by the SAO/NASA Astrophysics Data System}
  }


  @ARTICLE{charbonneau2002,
     author = {{Charbonneau}, D. and {Brown}, T.~M. and {Noyes}, R.~W. and
  	{Gilliland}, R.~L.},
      title = "{Detection of an Extrasolar Planet Atmosphere}",
    journal = {\apj},
     eprint = {astro-ph/0111544},
   keywords = {Stars: Binaries: Eclipsing, Stars: Planetary Systems, Stars: Atmospheres, Stars: Individual: Henry Draper Number: HD 209458, Techniques: Photometric},
       year = 2002,
      month = mar,
     volume = 568,
      pages = {377-384},
        doi = {10.1086/338770},
     adsurl = {http://adsabs.harvard.edu/abs/2002ApJ...568..377C},
    adsnote = {Provided by the SAO/NASA Astrophysics Data System}
  }


@article{howell2014,
	Adsnote = {Provided by the SAO/NASA Astrophysics Data System},
	Adsurl = {http://adsabs.harvard.edu/abs/2014PASP..126..398H},
	Archiveprefix = {arXiv},
	Author = {{Howell}, S.~B. and {Sobeck}, C. and {Haas}, M. and {Still}, M. and {Barclay}, T. and {Mullally}, F. and {Troeltzsch}, J. and {Aigrain}, S. and {Bryson}, S.~T. and {Caldwell}, D. and {Chaplin}, W.~J. and {Cochran}, W.~D. and {Huber}, D. and {Marcy}, G.~W. and {Miglio}, A. and {Najita}, J.~R. and {Smith}, M. and {Twicken}, J.~D. and {Fortney}, J.~J.},
	Date-Added = {2015-03-30 05:09:15 +0000},
	Date-Modified = {2015-03-30 05:09:24 +0000},
	Doi = {10.1086/676406},
	Eprint = {1402.5163},
	Journal = {\pasp},
	Keywords = {Astronomical Instrumentation},
	Month = apr,
	Pages = {398-408},
	Primaryclass = {astro-ph.IM},
	Title = {{The K2 Mission: Characterization and Early Results}},
	Volume = 126,
	Year = 2014,
	Bdsk-Url-1 = {http://dx.doi.org/10.1086/676406}}


@article{mayor1995,
	Adsnote = {Provided by the SAO/NASA Astrophysics Data System},
	Adsurl = {http://adsabs.harvard.edu/abs/1995Natur.378..355M},
	Author = {{Mayor}, M. and {Queloz}, D.},
	Date-Added = {2015-03-29 19:13:54 +0000},
	Date-Modified = {2015-03-29 19:14:01 +0000},
	Doi = {10.1038/378355a0},
	Journal = {\nat},
	Month = nov,
	Pages = {355-359},
	Title = {{A Jupiter-mass companion to a solar-type star}},
	Volume = 378,
	Year = 1995,
	Bdsk-Url-1 = {http://dx.doi.org/10.1038/378355a0}}

@article{wolszczan1992,
	Adsnote = {Provided by the SAO/NASA Astrophysics Data System},
	Adsurl = {http://adsabs.harvard.edu/abs/1992Natur.355..145W},
	Author = {{Wolszczan}, A. and {Frail}, D.~A.},
	Date-Added = {2015-03-29 19:11:56 +0000},
	Date-Modified = {2015-03-29 19:12:15 +0000},
	Doi = {10.1038/355145a0},
	Journal = {\nat},
	Keywords = {Binary Stars, Extrasolar Planets, Orbital Mechanics, Planetary Systems, Pulsars, Accretion Disks, Least Squares Method, Neutron Stars, Radio Astronomy, Supernova Remnants},
	Month = jan,
	Pages = {145-147},
	Title = {{A planetary system around the millisecond pulsar PSR1257 + 12}},
	Volume = 355,
	Year = 1992,
	Bdsk-Url-1 = {http://dx.doi.org/10.1038/355145a0}}

  @ARTICLE{mislis2012,
     author = {{Mislis}, D. and {Hodgkin}, S.},
      title = "{A massive exoplanet candidate around KOI-13: independent confirmation by ellipsoidal variations}",
    journal = {\mnras},
  archivePrefix = "arXiv",
     eprint = {1202.1760},
   primaryClass = "astro-ph.EP",
   keywords = {techniques: photometric, planets and satellites: detection, planets and satellites: fundamental parameters},
       year = 2012,
      month = may,
     volume = 422,
      pages = {1512-1517},
        doi = {10.1111/j.1365-2966.2012.20724.x},
     adsurl = {http://adsabs.harvard.edu/abs/2012MNRAS.422.1512M},
    adsnote = {Provided by the SAO/NASA Astrophysics Data System}
  }

  @ARTICLE{nicemodel,
   author = {{Tsiganis}, K. and {Gomes}, R. and {Morbidelli}, A. and {Levison}, H.~F.
	},
    title = "{Origin of the orbital architecture of the giant planets of the Solar System}",
  journal = {\nat},
     year = 2005,
    month = may,
   volume = 435,
    pages = {459-461},
      doi = {10.1038/nature03539},
   adsurl = {http://adsabs.harvard.edu/abs/2005Natur.435..459T},
  adsnote = {Provided by the SAO/NASA Astrophysics Data System}
}

@ARTICLE{fridlund2017,
   author = {{Fridlund}, M. and {Gaidos}, E. and {Barrag{\'a}n}, O. and {Persson}, C.~M. and
	{Gandolfi}, D. and {Cabrera}, J. and {Hirano}, T. and {Kuzuhara}, M. and
	{Csizmadia}, S. and {Nowak}, G. and {Endl}, M. and {Grziwa}, S. and
	{Korth}, J. and {Pfaff}, J. and {Bitsch}, B. and {Johansen}, A. and
	{Mustill}, A.~J. and {Davies}, M.~B. and {Deeg}, H.~J. and {Palle}, E. and
	{Cochran}, W.~D. and {Eigm{\"u}ller}, P. and {Erikson}, A. and
	{Guenther}, E. and {Hatzes}, A.~P. and {Kiilerich}, A. and {Kudo}, T. and
	{MacQueen}, P. and {Narita}, N. and {Nespral}, D. and {P{\"a}tzold}, M. and
	{Prieto-Arranz}, J. and {Rauer}, H. and {Van Eylen}, V.},
    title = "{K2-111 b - a short period super-Earth transiting a metal poor, evolved old star}",
  journal = {\aap},
archivePrefix = "arXiv",
   eprint = {1704.08284},
 primaryClass = "astro-ph.EP",
 keywords = {planetary systems, stars: individual: K2-111 b, techniques: photometric, techniques: spectroscopic},
     year = 2017,
    month = jul,
   volume = 604,
      eid = {A16},
    pages = {A16},
      doi = {10.1051/0004-6361/201730822},
   adsurl = {http://adsabs.harvard.edu/abs/2017A%26A...604A..16F},
  adsnote = {Provided by the SAO/NASA Astrophysics Data System}
}

@ARTICLE{kempton2017,
   author = {{Kempton}, E.~M.-R. and {Lupu}, R. and {Owusu-Asare}, A. and
	{Slough}, P. and {Cale}, B.},
    title = "{Exo-Transmit: An Open-Source Code for Calculating Transmission Spectra for Exoplanet Atmospheres of Varied Composition}",
  journal = {\pasp},
archivePrefix = "arXiv",
   eprint = {1611.03871},
 primaryClass = "astro-ph.EP",
     year = 2017,
    month = apr,
   volume = 129,
   number = 4,
    pages = {044402},
      doi = {10.1088/1538-3873/aa61ef},
   adsurl = {http://adsabs.harvard.edu/abs/2017PASP..129d4402K},
  adsnote = {Provided by the SAO/NASA Astrophysics Data System}
}

@ARTICLE{gandolfi2017,
   author = {{Gandolfi}, D. and {Barrag{\'a}n}, O. and {Hatzes}, A.~P. and
	{Fridlund}, M. and {Fossati}, L. and {Donati}, P. and {Johnson}, M.~C. and
	{Nowak}, G. and {Prieto-Arranz}, J. and {Albrecht}, S. and {Dai}, F. and
	{Deeg}, H. and {Endl}, M. and {Grziwa}, S. and {Hjorth}, M. and
	{Korth}, J. and {Nespral}, D. and {Saario}, J. and {Smith}, A.~M.~S. and
	{Antoniciello}, G. and {Alarcon}, J. and {Bedell}, M. and {Blay}, P. and
	{Brems}, S.~S. and {Cabrera}, J. and {Csizmadia}, S. and {Cusano}, F. and
	{Cochran}, W.~D. and {Eigm{\"u}ller}, P. and {Erikson}, A. and
	{Gonz{\'a}lez Hern{\'a}ndez}, J.~I. and {Guenther}, E.~W. and
	{Hirano}, T. and {Su{\'a}rez Mascare{\~n}o}, A. and {Narita}, N. and
	{Palle}, E. and {Parviainen}, H. and {P{\"a}tzold}, M. and {Persson}, C.~M. and
	{Rauer}, H. and {Saviane}, I. and {Schmidtobreick}, L. and {Van Eylen}, V. and
	{Winn}, J.~N. and {Zakhozhay}, O.~V.},
    title = "{The Transiting Multi-planet System HD 3167: A 5.7 M $_{⊕}$ Super-Earth and an 8.3 M $_{⊕}$ Mini-Neptune}",
  journal = {\aj},
archivePrefix = "arXiv",
   eprint = {1706.02532},
 primaryClass = "astro-ph.EP",
 keywords = {planets and satellites: detection, planets and satellites: individual: HD 3167b, HD 3167c, stars: fundamental parameters, stars: individual: HD 3167},
     year = 2017,
    month = sep,
   volume = 154,
      eid = {123},
    pages = {123},
      doi = {10.3847/1538-3881/aa832a},
   adsurl = {http://adsabs.harvard.edu/abs/2017AJ....154..123G},
  adsnote = {Provided by the SAO/NASA Astrophysics Data System}
}

@ARTICLE{zacharias2013,
   author = {{Zacharias}, N. and {Finch}, C.~T. and {Girard}, T.~M. and {Henden}, A. and
	{Bartlett}, J.~L. and {Monet}, D.~G. and {Zacharias}, M.~I.},
    title = "{The Fourth US Naval Observatory CCD Astrograph Catalog (UCAC4)}",
  journal = {\aj},
archivePrefix = "arXiv",
   eprint = {1212.6182},
 primaryClass = "astro-ph.IM",
 keywords = {astrometry, catalogs, reference systems, stars: kinematics and dynamics},
     year = 2013,
    month = feb,
   volume = 145,
      eid = {44},
    pages = {44},
      doi = {10.1088/0004-6256/145/2/44},
   adsurl = {http://adsabs.harvard.edu/abs/2013AJ....145...44Z},
  adsnote = {Provided by the SAO/NASA Astrophysics Data System}
}

@ARTICLE{cutri2003,
   author = {{Cutri}, R.~M. and {Skrutskie}, M.~F. and {van Dyk}, S. and
	{Beichman}, C.~A. and {Carpenter}, J.~M. and {Chester}, T. and
	{Cambresy}, L. and {Evans}, T. and {Fowler}, J. and {Gizis}, J. and
	{Howard}, E. and {Huchra}, J. and {Jarrett}, T. and {Kopan}, E.~L. and
	{Kirkpatrick}, J.~D. and {Light}, R.~M. and {Marsh}, K.~A. and
	{McCallon}, H. and {Schneider}, S. and {Stiening}, R. and {Sykes}, M. and
	{Weinberg}, M. and {Wheaton}, W.~A. and {Wheelock}, S. and {Zacarias}, N.
	},
    title = "{VizieR Online Data Catalog: 2MASS All-Sky Catalog of Point Sources (Cutri+ 2003)}",
  journal = {VizieR Online Data Catalog},
 keywords = {Infrared sources, Photometry: infrared, Surveys},
     year = 2003,
    month = jun,
   volume = 2246,
   adsurl = {http://adsabs.harvard.edu/abs/2003yCat.2246....0C},
  adsnote = {Provided by the SAO/NASA Astrophysics Data System}
}

@ARTICLE{sagan1993,
   author = {{Sagan}, C. and {Thompson}, W.~R. and {Carlson}, R. and {Gurnett}, D. and
	{Hord}, C.},
    title = "{A search for life on Earth from the Galileo spacecraft}",
  journal = {\nat},
     year = 1993,
    month = oct,
   volume = 365,
    pages = {715-721},
      doi = {10.1038/365715a0},
   adsurl = {http://adsabs.harvard.edu/abs/1993Natur.365..715S},
  adsnote = {Provided by the SAO/NASA Astrophysics Data System}
}


  @ARTICLE{lubin2016,
     author = {{Lubin}, P.},
      title = "{A Roadmap to Interstellar Flight}",
    journal = {ArXiv e-prints},
  archivePrefix = "arXiv",
     eprint = {1604.01356},
   primaryClass = "astro-ph.EP",
   keywords = {Astrophysics - Earth and Planetary Astrophysics, Astrophysics - Instrumentation and Methods for Astrophysics, Physics - Popular Physics},
       year = 2016,
      month = apr,
     adsurl = {http://adsabs.harvard.edu/abs/2016arXiv160401356L},
    adsnote = {Provided by the SAO/NASA Astrophysics Data System}
  }


  @ARTICLE{deming2015,
     author = {{Deming}, D. and {Knutson}, H. and {Kammer}, J. and {Fulton}, B.~J. and
  	{Ingalls}, J. and {Carey}, S. and {Burrows}, A. and {Fortney}, J.~J. and
  	{Todorov}, K. and {Agol}, E. and {Cowan}, N. and {Desert}, J.-M. and
  	{Fraine}, J. and {Langton}, J. and {Morley}, C. and {Showman}, A.~P.
  	},
      title = "{Spitzer Secondary Eclipses of the Dense, Modestly-irradiated, Giant Exoplanet HAT-P-20b Using Pixel-level Decorrelation}",
    journal = {\apj},
  archivePrefix = "arXiv",
     eprint = {1411.7404},
   primaryClass = "astro-ph.EP",
   keywords = {eclipses, infrared: planetary systems, planetary systems, planets and satellites: atmospheres},
       year = 2015,
      month = jun,
     volume = 805,
        eid = {132},
      pages = {132},
        doi = {10.1088/0004-637X/805/2/132},
     adsurl = {http://adsabs.harvard.edu/abs/2015ApJ...805..132D},
    adsnote = {Provided by the SAO/NASA Astrophysics Data System}
  }

  @ARTICLE{mackey2016,
   author = {{Foreman-Mackey}, D. and {Morton}, T.~D. and {Hogg}, D.~W. and
	{Agol}, E. and {Sch{\"o}lkopf}, B.},
    title = "{The Population of Long-period Transiting Exoplanets}",
  journal = {\aj},
archivePrefix = "arXiv",
   eprint = {1607.08237},
 primaryClass = "astro-ph.EP",
 keywords = {catalogs, methods: data analysis, methods: statistical, planetary systems, stars: statistics},
     year = 2016,
    month = dec,
   volume = 152,
      eid = {206},
    pages = {206},
      doi = {10.3847/0004-6256/152/6/206},
   adsurl = {http://adsabs.harvard.edu/abs/2016AJ....152..206F},
  adsnote = {Provided by the SAO/NASA Astrophysics Data System}
}


  @ARTICLE{bryan2016,
     author = {{Bryan}, M.~L. and {Knutson}, H.~A. and {Howard}, A.~W. and
  	{Ngo}, H. and {Batygin}, K. and {Crepp}, J.~R. and {Fulton}, B.~J. and
  	{Hinkley}, S. and {Isaacson}, H. and {Johnson}, J.~A. and {Marcy}, G.~W. and
  	{Wright}, J.~T.},
      title = "{Statistics of Long Period Gas Giant Planets in Known Planetary Systems}",
    journal = {\apj},
  archivePrefix = "arXiv",
     eprint = {1601.07595},
   primaryClass = "astro-ph.EP",
   keywords = {planetary systems, methods: statistical, techniques: radial velocities},
       year = 2016,
      month = apr,
     volume = 821,
        eid = {89},
      pages = {89},
        doi = {10.3847/0004-637X/821/2/89},
     adsurl = {http://adsabs.harvard.edu/abs/2016ApJ...821...89B},
    adsnote = {Provided by the SAO/NASA Astrophysics Data System}
  }

@ARTICLE{kaspi2018,
   author = {{Kaspi}, Y. and {Galanti}, E. and {Hubbard}, W.~B. and {Stevenson}, D.~J. and
	{Bolton}, S.~J. and {Iess}, L. and {Guillot}, T. and {Bloxham}, J. and
	{Connerney}, J.~E.~P. and {Cao}, H. and {Durante}, D. and {Folkner}, W.~M. and
	{Helled}, R. and {Ingersoll}, A.~P. and {Levin}, S.~M. and {Lunine}, J.~I. and
	{Miguel}, Y. and {Militzer}, B. and {Parisi}, M. and {Wahl}, S.~M.
	},
    title = "{Jupiter's atmospheric jet streams extend thousands of kilometres deep}",
  journal = {\nat},
     year = 2018,
    month = mar,
   volume = 555,
    pages = {223-226},
      doi = {10.1038/nature25793},
   adsurl = {http://adsabs.harvard.edu/abs/2018Natur.555..223K},
  adsnote = {Provided by the SAO/NASA Astrophysics Data System}
}

@ARTICLE{adriani2018,
   author = {{Adriani}, A. and {Mura}, A. and {Orton}, G. and {Hansen}, C. and
	{Altieri}, F. and {Moriconi}, M.~L. and {Rogers}, J. and {Eichst{\"a}dt}, G. and
	{Momary}, T. and {Ingersoll}, A.~P. and {Filacchione}, G. and
	{Sindoni}, G. and {Tabataba-Vakili}, F. and {Dinelli}, B.~M. and
	{Fabiano}, F. and {Bolton}, S.~J. and {Connerney}, J.~E.~P. and
	{Atreya}, S.~K. and {Lunine}, J.~I. and {Tosi}, F. and {Migliorini}, A. and
	{Grassi}, D. and {Piccioni}, G. and {Noschese}, R. and {Cicchetti}, A. and
	{Plainaki}, C. and {Olivieri}, A. and {O'Neill}, M.~E. and
	{Turrini}, D. and {Stefani}, S. and {Sordini}, R. and {Amoroso}, M.
	},
    title = "{Clusters of cyclones encircling Jupiter's poles}",
  journal = {\nat},
     year = 2018,
    month = mar,
   volume = 555,
    pages = {216-219},
      doi = {10.1038/nature25491},
   adsurl = {http://adsabs.harvard.edu/abs/2018Natur.555..216A},
  adsnote = {Provided by the SAO/NASA Astrophysics Data System}
}


@article{emcee,
	Adsnote = {Provided by the SAO/NASA Astrophysics Data System},
	Adsurl = {http://adsabs.harvard.edu/abs/2013PASP..125..306F},
	Archiveprefix = {arXiv},
	Author = {{Foreman-Mackey}, D. and {Hogg}, D.~W. and {Lang}, D. and {Goodman}, J.},
	Date-Added = {2015-03-18 00:02:31 +0000},
	Date-Modified = {2015-03-18 00:02:47 +0000},
	Doi = {10.1086/670067},
	Eprint = {1202.3665},
	Journal = {\pasp},
	Keywords = {Data Analysis and Techniques},
	Month = mar,
	Pages = {306-312},
	Primaryclass = {astro-ph.IM},
	Title = {{emcee: The MCMC Hammer}},
	Volume = 125,
	Year = 2013,
	Bdsk-Url-1 = {http://dx.doi.org/10.1086/670067}}


@incollection{lovis2011,
	Address = {Tuscon, AZ},
	Author = {{Lovis}, C. and {Fischer}, D.~A.},
	Booktitle = {{Exoplanets}},
	Date-Added = {2015-03-13 04:37:09 +0000},
	Date-Modified = {2015-03-13 05:04:41 +0000},
	Editor = {{Seager}, S.},
	Publisher = {The University of Arizona Press},
	Title = {{Radial Velocity Techniques for Exoplanets}},
	Year = {2011}}

  @ARTICLE{k2sc2016,
     author = {{Aigrain}, S. and {Parviainen}, H. and {Pope}, B.~J.~S.},
      title = "{K2SC: flexible systematics correction and detrending of K2 light curves using Gaussian process regression}",
    journal = {\mnras},
  archivePrefix = "arXiv",
     eprint = {1603.09167},
   primaryClass = "astro-ph.SR",
   keywords = {methods: data analysis, planetary systems, stars: rotation},
       year = 2016,
      month = jul,
     volume = 459,
      pages = {2408-2419},
        doi = {10.1093/mnras/stw706},
     adsurl = {http://adsabs.harvard.edu/abs/2016MNRAS.459.2408A},
    adsnote = {Provided by the SAO/NASA Astrophysics Data System}
  }

  @ARTICLE{plato,
     author = {{Rauer}, H. and {Catala}, C. and {Aerts}, C. and {Appourchaux}, T. and
  	{Benz}, W. and {Brandeker}, A. and {Christensen-Dalsgaard}, J. and
  	{Deleuil}, M. and {Gizon}, L. and {Goupil}, M.-J. and {G{\"u}del}, M. and
  	{Janot-Pacheco}, E. and {Mas-Hesse}, M. and {Pagano}, I. and
  	{Piotto}, G. and {Pollacco}, D. and {Santos}, {\.C}. and {Smith}, A. and
  	{Su{\'a}rez}, J.-C. and {Szab{\'o}}, R. and {Udry}, S. and {Adibekyan}, V. and
  	{Alibert}, Y. and {Almenara}, J.-M. and {Amaro-Seoane}, P. and
  	{Eiff}, M.~A.-v. and {Asplund}, M. and {Antonello}, E. and {Barnes}, S. and
  	{Baudin}, F. and {Belkacem}, K. and {Bergemann}, M. and {Bihain}, G. and
  	{Birch}, A.~C. and {Bonfils}, X. and {Boisse}, I. and {Bonomo}, A.~S. and
  	{Borsa}, F. and {Brand{\~a}o}, I.~M. and {Brocato}, E. and {Brun}, S. and
  	{Burleigh}, M. and {Burston}, R. and {Cabrera}, J. and {Cassisi}, S. and
  	{Chaplin}, W. and {Charpinet}, S. and {Chiappini}, C. and {Church}, R.~P. and
  	{Csizmadia}, S. and {Cunha}, M. and {Damasso}, M. and {Davies}, M.~B. and
  	{Deeg}, H.~J. and {D{\'{\i}}az}, R.~F. and {Dreizler}, S. and
  	{Dreyer}, C. and {Eggenberger}, P. and {Ehrenreich}, D. and
  	{Eigm{\"u}ller}, P. and {Erikson}, A. and {Farmer}, R. and {Feltzing}, S. and
  	{de Oliveira Fialho}, F. and {Figueira}, P. and {Forveille}, T. and
  	{Fridlund}, M. and {Garc{\'{\i}}a}, R.~A. and {Giommi}, P. and
  	{Giuffrida}, G. and {Godolt}, M. and {Gomes da Silva}, J. and
  	{Granzer}, T. and {Grenfell}, J.~L. and {Grotsch-Noels}, A. and
  	{G{\"u}nther}, E. and {Haswell}, C.~A. and {Hatzes}, A.~P. and
  	{H{\'e}brard}, G. and {Hekker}, S. and {Helled}, R. and {Heng}, K. and
  	{Jenkins}, J.~M. and {Johansen}, A. and {Khodachenko}, M.~L. and
  	{Kislyakova}, K.~G. and {Kley}, W. and {Kolb}, U. and {Krivova}, N. and
  	{Kupka}, F. and {Lammer}, H. and {Lanza}, A.~F. and {Lebreton}, Y. and
  	{Magrin}, D. and {Marcos-Arenal}, P. and {Marrese}, P.~M. and
  	{Marques}, J.~P. and {Martins}, J. and {Mathis}, S. and {Mathur}, S. and
  	{Messina}, S. and {Miglio}, A. and {Montalban}, J. and {Montalto}, M. and
  	{Monteiro}, M.~J.~P.~F.~G. and {Moradi}, H. and {Moravveji}, E. and
  	{Mordasini}, C. and {Morel}, T. and {Mortier}, A. and {Nascimbeni}, V. and
  	{Nelson}, R.~P. and {Nielsen}, M.~B. and {Noack}, L. and {Norton}, A.~J. and
  	{Ofir}, A. and {Oshagh}, M. and {Ouazzani}, R.-M. and {P{\'a}pics}, P. and
  	{Parro}, V.~C. and {Petit}, P. and {Plez}, B. and {Poretti}, E. and
  	{Quirrenbach}, A. and {Ragazzoni}, R. and {Raimondo}, G. and
  	{Rainer}, M. and {Reese}, D.~R. and {Redmer}, R. and {Reffert}, S. and
  	{Rojas-Ayala}, B. and {Roxburgh}, I.~W. and {Salmon}, S. and
  	{Santerne}, A. and {Schneider}, J. and {Schou}, J. and {Schuh}, S. and
  	{Schunker}, H. and {Silva-Valio}, A. and {Silvotti}, R. and
  	{Skillen}, I. and {Snellen}, I. and {Sohl}, F. and {Sousa}, S.~G. and
  	{Sozzetti}, A. and {Stello}, D. and {Strassmeier}, K.~G. and
  	{{\v S}vanda}, M. and {Szab{\'o}}, G.~M. and {Tkachenko}, A. and
  	{Valencia}, D. and {Van Grootel}, V. and {Vauclair}, S.~D. and
  	{Ventura}, P. and {Wagner}, F.~W. and {Walton}, N.~A. and {Weingrill}, J. and
  	{Werner}, S.~C. and {Wheatley}, P.~J. and {Zwintz}, K.},
      title = "{The PLATO 2.0 mission}",
    journal = {Experimental Astronomy},
  archivePrefix = "arXiv",
     eprint = {1310.0696},
   primaryClass = "astro-ph.EP",
   keywords = {Exoplanets, Asteroseismology, Transit survey, Stellar science, Exoplanetary science},
       year = 2014,
      month = nov,
     volume = 38,
      pages = {249-330},
        doi = {10.1007/s10686-014-9383-4},
     adsurl = {http://adsabs.harvard.edu/abs/2014ExA....38..249R},
    adsnote = {Provided by the SAO/NASA Astrophysics Data System}
  }

  @ARTICLE{todoran1992,
   author = {{Todoran}, I. and {Roman}, R.},
    title = "{The elliptical three-body problem - Triangular solution}",
  journal = {Astronomische Nachrichten},
 keywords = {Celestial Mechanics, Lagrangian Equilibrium Points, Three Body Problem, Eccentric Orbits, Triangles},
     year = 1992,
    month = sep,
   volume = 313,
    pages = {315-317},
      doi = {10.1002/asna.2113130510},
   adsurl = {http://adsabs.harvard.edu/abs/1992AN....313..315T},
  adsnote = {Provided by the SAO/NASA Astrophysics Data System}
}

@ARTICLE{mocnik2017,
   author = {{Mo{\v c}nik}, T. and {Hellier}, C. and {Anderson}, D.~R. and
	{Clark}, B.~J.~M. and {Southworth}, J.},
    title = "{Starspots on WASP-107 and pulsations of WASP-118}",
  journal = {\mnras},
archivePrefix = "arXiv",
   eprint = {1702.05078},
 primaryClass = "astro-ph.EP",
 keywords = {stars: individual: (WASP-107, WASP-118), stars: oscillations, planetary systems, starspots},
     year = 2017,
    month = aug,
   volume = 469,
    pages = {1622-1629},
      doi = {10.1093/mnras/stx972},
   adsurl = {http://adsabs.harvard.edu/abs/2017MNRAS.469.1622M},
  adsnote = {Provided by the SAO/NASA Astrophysics Data System}
}

@ARTICLE{dai2017,
   author = {{Dai}, F. and {Winn}, J.~N.},
    title = "{The Oblique Orbit of WASP-107b from K2 Photometry}",
  journal = {\aj},
archivePrefix = "arXiv",
   eprint = {1702.04734},
 primaryClass = "astro-ph.EP",
 keywords = {planetary systems, planets and satellites: individual: WASP-107, stars: individual: WASP-107},
     year = 2017,
    month = may,
   volume = 153,
      eid = {205},
    pages = {205},
      doi = {10.3847/1538-3881/aa65d1},
   adsurl = {http://adsabs.harvard.edu/abs/2017AJ....153..205D},
  adsnote = {Provided by the SAO/NASA Astrophysics Data System}
}

@ARTICLE{dai2017_qatar,
   author = {{Dai}, F. and {Winn}, J.~N. and {Yu}, L. and {Albrecht}, S.},
    title = "{The Stellar Obliquity, Planet Mass, and Very Low Albedo of Qatar-2 from K2 Photometry}",
  journal = {\aj},
archivePrefix = "arXiv",
   eprint = {1609.01314},
 primaryClass = "astro-ph.EP",
 keywords = {planetary systems, planets and satellites: general, stars: individual: Qatar-2},
     year = 2017,
    month = jan,
   volume = 153,
      eid = {40},
    pages = {40},
      doi = {10.3847/1538-3881/153/1/40},
   adsurl = {http://adsabs.harvard.edu/abs/2017AJ....153...40D},
  adsnote = {Provided by the SAO/NASA Astrophysics Data System}
}


@ARTICLE{mocnik2016,
   author = {{Mo{\v c}nik}, T. and {Anderson}, D.~R. and {Brown}, D.~J.~A. and
	{Collier Cameron}, A. and {Delrez}, L. and {Gillon}, M. and
	{Hellier}, C. and {Jehin}, E. and {Lendl}, M. and {Maxted}, P.~F.~L. and
	{Neveu-VanMalle}, M. and {Pepe}, F. and {Pollacco}, D. and {Queloz}, D. and
	{S{\'e}gransan}, D. and {Smalley}, B. and {Southworth}, J. and
	{Triaud}, A.~H.~M.~J. and {Udry}, S. and {West}, R.~G.},
    title = "{WASP-157b, a Transiting Hot Jupiter Observed with K2}",
  journal = {\pasp},
archivePrefix = "arXiv",
   eprint = {1603.05638},
 primaryClass = "astro-ph.EP",
     year = 2016,
    month = dec,
   volume = 128,
   number = 12,
    pages = {124403},
      doi = {10.1088/1538-3873/128/970/124403},
   adsurl = {http://adsabs.harvard.edu/abs/2016PASP..128l4403M},
  adsnote = {Provided by the SAO/NASA Astrophysics Data System}
}


  @BOOK{murray1999,
   author = {{Murray}, C.~D. and {Dermott}, S.~F.},
    title = "{Solar system dynamics}",
 keywords = {Solar system, Celestial Mechanics},
booktitle = {Solar system dynamics by C.D.~Murray and S.F.~McDermott.~(Cambridge, UK: Cambridge University Press),  ISBN 0-521-57295-9 (hc.), ISBN 0-521-57297-4 (pbk.).},
     year = 1999,
   adsurl = {http://adsabs.harvard.edu/abs/1999ssd..book.....M},
  adsnote = {Provided by the SAO/NASA Astrophysics Data System}
 }

  @ARTICLE{showman2015,
     author = {{Showman}, A.~P. and {Lewis}, N.~K. and {Fortney}, J.~J.},
      title = "{3D Atmospheric Circulation of Warm and Hot Jupiters}",
    journal = {\apj},
   keywords = {methods: numerical, planets and satellites: atmospheres, planets and satellites: gaseous planets, planets and satellites: individual: HD 189733b, turbulence, waves},
       year = 2015,
      month = mar,
     volume = 801,
        eid = {95},
      pages = {95},
        doi = {10.1088/0004-637X/801/2/95},
     adsurl = {http://adsabs.harvard.edu/abs/2015ApJ...801...95S},
    adsnote = {Provided by the SAO/NASA Astrophysics Data System}
  }


  @ARTICLE{Faigler2013,
   author = {{Faigler}, S. and {Tal-Or}, L. and {Mazeh}, T. and {Latham}, D.~W. and
	{Buchhave}, L.~A.},
    title = "{BEER Analysis of Kepler and CoRoT Light Curves. I. Discovery of Kepler-76b: A Hot Jupiter with Evidence for Superrotation}",
  journal = {\apj},
archivePrefix = "arXiv",
   eprint = {1304.6841},
 primaryClass = "astro-ph.EP",
 keywords = {binaries: spectroscopic, methods: data analysis, planets and satellites: detection, planets and satellites: individual: KIC 4570949b Kepler-76b},
     year = 2013,
    month = jul,
   volume = 771,
      eid = {26},
    pages = {26},
      doi = {10.1088/0004-637X/771/1/26},
   adsurl = {http://adsabs.harvard.edu/abs/2013ApJ...771...26F},
  adsnote = {Provided by the SAO/NASA Astrophysics Data System}
}

  @ARTICLE{wd1145,
     author = {{Vanderburg}, A. and {Johnson}, J.~A. and {Rappaport}, S. and
  	{Bieryla}, A. and {Irwin}, J. and {Lewis}, J.~A. and {Kipping}, D. and
  	{Brown}, W.~R. and {Dufour}, P. and {Ciardi}, D.~R. and {Angus}, R. and
  	{Schaefer}, L. and {Latham}, D.~W. and {Charbonneau}, D. and
  	{Beichman}, C. and {Eastman}, J. and {McCrady}, N. and {Wittenmyer}, R.~A. and
  	{Wright}, J.~T.},
      title = "{A disintegrating minor planet transiting a white dwarf}",
    journal = {\nat},
  archivePrefix = "arXiv",
     eprint = {1510.06387},
   primaryClass = "astro-ph.EP",
       year = 2015,
      month = oct,
     volume = 526,
      pages = {546-549},
        doi = {10.1038/nature15527},
     adsurl = {http://adsabs.harvard.edu/abs/2015Natur.526..546V},
    adsnote = {Provided by the SAO/NASA Astrophysics Data System}
  }

  @ARTICLE{vanderburg2014,
   author = {{Vanderburg}, A. and {Johnson}, J.~A.},
    title = "{A Technique for Extracting Highly Precise Photometry for the Two-Wheeled Kepler Mission}",
  journal = {\pasp},
archivePrefix = "arXiv",
   eprint = {1408.3853},
 primaryClass = "astro-ph.IM",
     year = 2014,
    month = oct,
   volume = 126,
    pages = {948},
      doi = {10.1086/678764},
   adsurl = {http://adsabs.harvard.edu/abs/2014PASP..126..948V},
  adsnote = {Provided by the SAO/NASA Astrophysics Data System}
}

@INPROCEEDINGS{marcy1995,
   author = {{Marcy}, G.~W. and {Butler}, R.~P.},
    title = "{The Planet around 51 Pegasi}",
booktitle = {American Astronomical Society Meeting Abstracts},
     year = 1995,
   series = {Bulletin of the American Astronomical Society},
   volume = 27,
    month = dec,
      eid = {70.04},
    pages = {1379},
   adsurl = {http://adsabs.harvard.edu/abs/1995AAS...187.7004M},
  adsnote = {Provided by the SAO/NASA Astrophysics Data System}
}


@ARTICLE{lund2015,
   author = {{Lund}, M.~N. and {Handberg}, R. and {Davies}, G.~R. and {Chaplin}, W.~J. and
	{Jones}, C.~D.},
    title = "{K2P$^{2}${\mdash} A Photometry Pipeline for the K2 Mission}",
  journal = {\apj},
archivePrefix = "arXiv",
   eprint = {1504.05199},
 primaryClass = "astro-ph.SR",
 keywords = {asteroseismology, methods: data analysis, stars: solar-type, techniques: image processing, techniques: photometric},
     year = 2015,
    month = jun,
   volume = 806,
      eid = {30},
    pages = {30},
      doi = {10.1088/0004-637X/806/1/30},
   adsurl = {http://adsabs.harvard.edu/abs/2015ApJ...806...30L},
  adsnote = {Provided by the SAO/NASA Astrophysics Data System}
}



@ARTICLE{white2017,
   author = {{White}, T.~R. and {Pope}, B.~J.~S. and {Antoci}, V. and {P{\'a}pics}, P.~I. and
	{Aerts}, C. and {Gies}, D.~R. and {Gordon}, K. and {Huber}, D. and
	{Schaefer}, G.~H. and {Aigrain}, S. and {Albrecht}, S. and {Barclay}, T. and
	{Barentsen}, G. and {Beck}, P.~G. and {Bedding}, T.~R. and {Fredslund Andersen}, M. and
	{Grundahl}, F. and {Howell}, S.~B. and {Ireland}, M.~J. and
	{Murphy}, S.~J. and {Nielsen}, M.~B. and {Silva Aguirre}, V. and
	{Tuthill}, P.~G.},
    title = "{Beyond the Kepler/K2 bright limit: variability in the seven brightest members of the Pleiades}",
  journal = {\mnras},
archivePrefix = "arXiv",
   eprint = {1708.07462},
 primaryClass = "astro-ph.SR",
 keywords = {asteroseismology, techniques: photometric, stars: early type, stars: variables: general, open clusters and associations: individual: Pleiades},
     year = 2017,
    month = nov,
   volume = 471,
    pages = {2882-2901},
      doi = {10.1093/mnras/stx1050},
   adsurl = {http://adsabs.harvard.edu/abs/2017MNRAS.471.2882W},
  adsnote = {Provided by the SAO/NASA Astrophysics Data System}
}

@ARTICLE{anglada2017,
   author = {{Anglada}, G. and {Amado}, P.~J. and {Ortiz}, J.~L. and {G{\'o}mez}, J.~F. and
	{Mac{\'{\i}}as}, E. and {Alberdi}, A. and {Osorio}, M. and {G{\'o}mez}, J.~L. and
	{de Gregorio-Monsalvo}, I. and {P{\'e}rez-Torres}, M.~A. and
	{Anglada-Escud{\'e}}, G. and {Berdi{\~n}as}, Z.~M. and {Jenkins}, J.~S. and
	{Jimenez-Serra}, I. and {Lara}, L.~M. and {L{\'o}pez-Gonz{\'a}lez}, M.~J. and
	{L{\'o}pez-Puertas}, M. and {Morales}, N. and {Ribas}, I. and
	{Richards}, A.~M.~S. and {Rodr{\'{\i}}guez-L{\'o}pez}, C. and
	{Rodriguez}, E.},
    title = "{ALMA Discovery of Dust Belts around Proxima Centauri}",
  journal = {\apjl},
archivePrefix = "arXiv",
   eprint = {1711.00578},
 primaryClass = "astro-ph.EP",
 keywords = {circumstellar matter, planetary systems, radio continuum: planetary systems, stars: individual: Proxima Centauri},
     year = 2017,
    month = nov,
   volume = 850,
      eid = {L6},
    pages = {L6},
      doi = {10.3847/2041-8213/aa978b},
   adsurl = {http://adsabs.harvard.edu/abs/2017ApJ...850L...6A},
  adsnote = {Provided by the SAO/NASA Astrophysics Data System}
}

@ARTICLE{proximaDiscovery,
   author = {{Anglada-Escud{\'e}}, G. and {Amado}, P.~J. and {Barnes}, J. and
	{Berdi{\~n}as}, Z.~M. and {Butler}, R.~P. and {Coleman}, G.~A.~L. and
	{de La Cueva}, I. and {Dreizler}, S. and {Endl}, M. and {Giesers}, B. and
	{Jeffers}, S.~V. and {Jenkins}, J.~S. and {Jones}, H.~R.~A. and
	{Kiraga}, M. and {K{\"u}rster}, M. and {L{\'o}pez-Gonz{\'a}lez}, M.~J. and
	{Marvin}, C.~J. and {Morales}, N. and {Morin}, J. and {Nelson}, R.~P. and
	{Ortiz}, J.~L. and {Ofir}, A. and {Paardekooper}, S.-J. and
	{Reiners}, A. and {Rodr{\'{\i}}guez}, E. and {Rodr{\'{\i}}guez-L{\'o}pez}, C. and
	{Sarmiento}, L.~F. and {Strachan}, J.~P. and {Tsapras}, Y. and
	{Tuomi}, M. and {Zechmeister}, M.},
    title = "{A terrestrial planet candidate in a temperate orbit around Proxima Centauri}",
  journal = {\nat},
archivePrefix = "arXiv",
   eprint = {1609.03449},
 primaryClass = "astro-ph.EP",
     year = 2016,
    month = aug,
   volume = 536,
    pages = {437-440},
      doi = {10.1038/nature19106},
   adsurl = {http://adsabs.harvard.edu/abs/2016Natur.536..437A},
  adsnote = {Provided by the SAO/NASA Astrophysics Data System}
}

@ARTICLE{shporer2017,
   author = {{Shporer}, A. and {Zhou}, G. and {Vanderburg}, A. and {Fulton}, B.~J. and
	{Isaacson}, H. and {Bieryla}, A. and {Torres}, G. and {Morton}, T.~D. and
	{Bento}, J. and {Berlind}, P. and {Calkins}, M.~L. and {Esquerdo}, G.~A. and
	{Howard}, A.~W. and {Latham}, D.~W.},
    title = "{Three Statistically Validated K2 Transiting Warm Jupiter Exoplanets Confirmed as Low-mass Stars}",
  journal = {\apjl},
archivePrefix = "arXiv",
   eprint = {1708.08455},
 primaryClass = "astro-ph.SR",
 keywords = {binaries: eclipsing, stars: individual: K2-51, EPIC 202900527, K2-67, EPIC 206155547, K2-76, EPIC 206432863},
     year = 2017,
    month = oct,
   volume = 847,
      eid = {L18},
    pages = {L18},
      doi = {10.3847/2041-8213/aa8bff},
   adsurl = {http://adsabs.harvard.edu/abs/2017ApJ...847L..18S},
  adsnote = {Provided by the SAO/NASA Astrophysics Data System}
}

@ARTICLE{weiss2014,
   author = {{Weiss}, L.~M. and {Marcy}, G.~W.},
    title = "{The Mass-Radius Relation for 65 Exoplanets Smaller than 4 Earth Radii}",
  journal = {\apjl},
archivePrefix = "arXiv",
   eprint = {1312.0936},
 primaryClass = "astro-ph.EP",
 keywords = {planets and satellites: composition, planets and satellites: fundamental parameters, planets and satellites: gaseous planets, planets and satellites: general, planets and satellites: terrestrial planets},
     year = 2014,
    month = mar,
   volume = 783,
      eid = {L6},
    pages = {L6},
      doi = {10.1088/2041-8205/783/1/L6},
   adsurl = {http://adsabs.harvard.edu/abs/2014ApJ...783L...6W},
  adsnote = {Provided by the SAO/NASA Astrophysics Data System}
}

@ARTICLE{carter2012,
   author = {{Carter}, J.~A. and {Agol}, E. and {Chaplin}, W.~J. and {Basu}, S. and
	{Bedding}, T.~R. and {Buchhave}, L.~A. and {Christensen-Dalsgaard}, J. and
	{Deck}, K.~M. and {Elsworth}, Y. and {Fabrycky}, D.~C. and {Ford}, E.~B. and
	{Fortney}, J.~J. and {Hale}, S.~J. and {Handberg}, R. and {Hekker}, S. and
	{Holman}, M.~J. and {Huber}, D. and {Karoff}, C. and {Kawaler}, S.~D. and
	{Kjeldsen}, H. and {Lissauer}, J.~J. and {Lopez}, E.~D. and
	{Lund}, M.~N. and {Lundkvist}, M. and {Metcalfe}, T.~S. and
	{Miglio}, A. and {Rogers}, L.~A. and {Stello}, D. and {Borucki}, W.~J. and
	{Bryson}, S. and {Christiansen}, J.~L. and {Cochran}, W.~D. and
	{Geary}, J.~C. and {Gilliland}, R.~L. and {Haas}, M.~R. and
	{Hall}, J. and {Howard}, A.~W. and {Jenkins}, J.~M. and {Klaus}, T. and
	{Koch}, D.~G. and {Latham}, D.~W. and {MacQueen}, P.~J. and
	{Sasselov}, D. and {Steffen}, J.~H. and {Twicken}, J.~D. and
	{Winn}, J.~N.},
    title = "{Kepler-36: A Pair of Planets with Neighboring Orbits and Dissimilar Densities}",
  journal = {Science},
archivePrefix = "arXiv",
   eprint = {1206.4718},
 primaryClass = "astro-ph.EP",
     year = 2012,
    month = aug,
   volume = 337,
    pages = {556},
      doi = {10.1126/science.1223269},
   adsurl = {http://adsabs.harvard.edu/abs/2012Sci...337..556C},
  adsnote = {Provided by the SAO/NASA Astrophysics Data System}
}

@ARTICLE{yee2017,
   author = {{Yee}, S.~W. and {Petigura}, E.~A. and {von Braun}, K.},
    title = "{Precision Stellar Characterization of FGKM Stars using an Empirical Spectral Library}",
  journal = {\apj},
archivePrefix = "arXiv",
   eprint = {1701.00922},
 primaryClass = "astro-ph.SR",
 keywords = {techniques: spectroscopic},
     year = 2017,
    month = feb,
   volume = 836,
      eid = {77},
    pages = {77},
      doi = {10.3847/1538-4357/836/1/77},
   adsurl = {http://adsabs.harvard.edu/abs/2017ApJ...836...77Y},
  adsnote = {Provided by the SAO/NASA Astrophysics Data System}
}

@ARTICLE{batalha2013,
   author = {{Batalha}, N.~M. and {Rowe}, J.~F. and {Bryson}, S.~T. and {Barclay}, T. and
	{Burke}, C.~J. and {Caldwell}, D.~A. and {Christiansen}, J.~L. and
	{Mullally}, F. and {Thompson}, S.~E. and {Brown}, T.~M. and
	{Dupree}, A.~K. and {Fabrycky}, D.~C. and {Ford}, E.~B. and
	{Fortney}, J.~J. and {Gilliland}, R.~L. and {Isaacson}, H. and
	{Latham}, D.~W. and {Marcy}, G.~W. and {Quinn}, S.~N. and {Ragozzine}, D. and
	{Shporer}, A. and {Borucki}, W.~J. and {Ciardi}, D.~R. and {Gautier}, III, T.~N. and
	{Haas}, M.~R. and {Jenkins}, J.~M. and {Koch}, D.~G. and {Lissauer}, J.~J. and
	{Rapin}, W. and {Basri}, G.~S. and {Boss}, A.~P. and {Buchhave}, L.~A. and
	{Carter}, J.~A. and {Charbonneau}, D. and {Christensen-Dalsgaard}, J. and
	{Clarke}, B.~D. and {Cochran}, W.~D. and {Demory}, B.-O. and
	{Desert}, J.-M. and {Devore}, E. and {Doyle}, L.~R. and {Esquerdo}, G.~A. and
	{Everett}, M. and {Fressin}, F. and {Geary}, J.~C. and {Girouard}, F.~R. and
	{Gould}, A. and {Hall}, J.~R. and {Holman}, M.~J. and {Howard}, A.~W. and
	{Howell}, S.~B. and {Ibrahim}, K.~A. and {Kinemuchi}, K. and
	{Kjeldsen}, H. and {Klaus}, T.~C. and {Li}, J. and {Lucas}, P.~W. and
	{Meibom}, S. and {Morris}, R.~L. and {Pr{\v s}a}, A. and {Quintana}, E. and
	{Sanderfer}, D.~T. and {Sasselov}, D. and {Seader}, S.~E. and
	{Smith}, J.~C. and {Steffen}, J.~H. and {Still}, M. and {Stumpe}, M.~C. and
	{Tarter}, J.~C. and {Tenenbaum}, P. and {Torres}, G. and {Twicken}, J.~D. and
	{Uddin}, K. and {Van Cleve}, J. and {Walkowicz}, L. and {Welsh}, W.~F.
	},
    title = "{Planetary Candidates Observed by Kepler. III. Analysis of the First 16 Months of Data}",
  journal = {\apjs},
archivePrefix = "arXiv",
   eprint = {1202.5852},
 primaryClass = "astro-ph.EP",
 keywords = {catalogs, eclipses, planetary systems, space vehicles, techniques: photometric },
     year = 2013,
    month = feb,
   volume = 204,
      eid = {24},
    pages = {24},
      doi = {10.1088/0067-0049/204/2/24},
   adsurl = {http://adsabs.harvard.edu/abs/2013ApJS..204...24B},
  adsnote = {Provided by the SAO/NASA Astrophysics Data System}
}


@ARTICLE{sing2015,
   author = {{Sing}, D.~K. and {Wakeford}, H.~R. and {Showman}, A.~P. and
	{Nikolov}, N. and {Fortney}, J.~J. and {Burrows}, A.~S. and
	{Ballester}, G.~E. and {Deming}, D. and {Aigrain}, S. and {D{\'e}sert}, J.-M. and
	{Gibson}, N.~P. and {Henry}, G.~W. and {Knutson}, H. and {Lecavelier des Etangs}, A. and
	{Pont}, F. and {Vidal-Madjar}, A. and {Williamson}, M.~W. and
	{Wilson}, P.~A.},
    title = "{HST hot-Jupiter transmission spectral survey: detection of potassium in WASP-31b along with a cloud deck and Rayleigh scattering}",
  journal = {\mnras},
archivePrefix = "arXiv",
   eprint = {1410.7611},
 primaryClass = "astro-ph.EP",
 keywords = {techniques: spectroscopic, planets and satellites: atmospheres, planets and satellites: individual: WASP-31b, stars: individual: WASP-31, planetary systems},
     year = 2015,
    month = jan,
   volume = 446,
    pages = {2428-2443},
      doi = {10.1093/mnras/stu2279},
   adsurl = {http://adsabs.harvard.edu/abs/2015MNRAS.446.2428S},
  adsnote = {Provided by the SAO/NASA Astrophysics Data System}
}


@ARTICLE{mann2015,
   author = {{Mann}, A.~W. and {Feiden}, G.~A. and {Gaidos}, E. and {Boyajian}, T. and
	{von Braun}, K.},
    title = "{How to Constrain Your M Dwarf: Measuring Effective Temperature, Bolometric Luminosity, Mass, and Radius}",
  journal = {\apj},
archivePrefix = "arXiv",
   eprint = {1501.01635},
 primaryClass = "astro-ph.SR",
 keywords = {planetary systems, stars: abundances, stars: fundamental parameters, stars: late-type, stars: low-mass, stars: statistics},
     year = 2015,
    month = may,
   volume = 804,
      eid = {64},
    pages = {64},
      doi = {10.1088/0004-637X/804/1/64},
   adsurl = {http://adsabs.harvard.edu/abs/2015ApJ...804...64M},
  adsnote = {Provided by the SAO/NASA Astrophysics Data System}
}

@ARTICLE{kipping2010,
   author = {{Kipping}, D.~M.},
    title = "{Binning is sinning: morphological light-curve distortions due to finite integration time}",
  journal = {\mnras},
archivePrefix = "arXiv",
   eprint = {1004.3741},
 primaryClass = "astro-ph.EP",
 keywords = {techniques: photometric, occultations, planets and satellites: general, planetary systems},
     year = 2010,
    month = nov,
   volume = 408,
    pages = {1758-1769},
      doi = {10.1111/j.1365-2966.2010.17242.x},
   adsurl = {http://adsabs.harvard.edu/abs/2010MNRAS.408.1758K},
  adsnote = {Provided by the SAO/NASA Astrophysics Data System}
}

@MISC{pyaneti,
   author = {{Barrag{\'a}n}, O. and {Gandolfi}, D. and {Antoniciello}, G.
	},
    title = "{pyaneti: Multi-planet radial velocity and transit fitting}",
 keywords = {Software },
howpublished = {Astrophysics Source Code Library},
     year = 2017,
    month = jul,
archivePrefix = "ascl",
   eprint = {1707.003},
   adsurl = {http://adsabs.harvard.edu/abs/2017ascl.soft07003B},
  adsnote = {Provided by the SAO/NASA Astrophysics Data System}
}


@ARTICLE{kipping2013,
   author = {{Kipping}, D.~M.},
    title = "{Efficient, uninformative sampling of limb darkening coefficients for two-parameter laws}",
  journal = {\mnras},
archivePrefix = "arXiv",
   eprint = {1308.0009},
 primaryClass = "astro-ph.SR",
 keywords = {methods: analytical, stars: atmospheres},
     year = 2013,
    month = nov,
   volume = 435,
    pages = {2152-2160},
      doi = {10.1093/mnras/stt1435},
   adsurl = {http://adsabs.harvard.edu/abs/2013MNRAS.435.2152K},
  adsnote = {Provided by the SAO/NASA Astrophysics Data System}
}


  @ARTICLE{winn2010,
   author = {{Winn}, J.~N.},
    title = "{Transits and Occultations}",
  journal = {ArXiv e-prints},
archivePrefix = "arXiv",
   eprint = {1001.2010},
 primaryClass = "astro-ph.EP",
 keywords = {Astrophysics - Earth and Planetary Astrophysics},
     year = 2010,
    month = jan,
   adsurl = {http://adsabs.harvard.edu/abs/2010arXiv1001.2010W},
  adsnote = {Provided by the SAO/NASA Astrophysics Data System}
}

@ARTICLE{johnson2018,
   author = {{Johnson}, M. C. and {Dai}, F. A. and {Justesen}, Bo  and {Gandolfi}, D. and {Nowak}, G. and {Endl} M. and
   {Cochran}, W. D. and {Watanabe}, N. and  {Villanueva Jr.}, S. and  {Narita}, N.  and {MacQueen}, P. J. and
   {Cabrera}, J. and {Csizmadia}, Sz. and {Eigm\"uller} Ph.,  {Grziwa}, S. and {Korth}, J. and {P\"atzold}, M. and
   {Smith}, A. M. S. and {Albrecht}, S. and  {Sobrino}, R. Alonso and {Antoniciello}, G. and {Barrag\'an}, O. and
   {Deeg}, H. and {Erikson}, A. and {Fridlund}, M. and {Fukui}, A. and {Guenther}, E. and {Hatzes}, A. P. and
   {Hidalgo}, D. and {Hirano}, T. and {Hjorth}, M. and {Livingston}, J. and {Nespral}, D. and {Palle}, E. and
   {Persson}, C. M. and {Prieto-Arranz}, J. and {Rauer}, H. and {Ribas}, I. and {Van Eylen}, V.
   and {Winn}, J. N.},
    title = "{EPIC 246911830 b: a likely misaligned hot Jupiter, and EPIC 201498078 b: a warm Saturn around a bright star}",
  journal = {\mnras},
archivePrefix = "arXiv",
   eprint = {1606.01775},
 primaryClass = "astro-ph.SR",
 keywords = {line: profiles, techniques: polarimetric, techniques: radial velocities, magnetic fields, starspots},
     year = 2018,
     month = "Submitted on March"
    adsnote = {Formatted by self}
}
